2862 3912
1358 62 1412 104 10

170 219 336 263 Attilam
366 219 655 273 humaverunt,
686 219 741 261 ab
772 218 936 261 Hunnis
964 218 1161 262 trucidati
1189 221 1298 273 sunt,
1326 218 1587 262 sacrifieatos
1616 231 1710 262 esse
1740 216 1931 261 dixerim.
1960 216 2154 260 Tacitum
2173 216 2305 272 igitur
2333 222 2376 262 et
2395 218 2474 262 hoe
2502 219 2596 262 loeo

169 291 346 348 probum
374 296 626 348 cautumque
663 292 908 347 scriptorem
948 303 995 334 se
1031 292 1295 348 praestitisse
1336 296 1530 347 putemus
1553 294 1667 336 'neve
1696 291 1944 347 dubitemus,
1984 290 2100 348 quin,
2137 303 2220 347 quo
2254 291 2380 347 plura
2416 293 2592 349 antiqua

171 365 477 409 Germanorum
505 368 772 409 monumenta
804 368 847 407 et
874 376 1013 408 rerum
1042 370 1085 409 et
1111 366 1343 409 litterarum
1372 365 1721 421 pervestigentur‚
1753 378 1804 409 eo
1842 363 1980 419 magis
2014 363 2127 408 illius
2156 364 2263 409 fides
2291 366 2594 423 comprobetur.

372 439 459 484 Vos
488 443 639 493 autem,
680 438 848 482 iuvenes
883 438 927 481 in
960 438 1099 482 studio
1133 439 1365 484 litterarum
1402 439 1470 483 hie
1513 443 1748 494 versantes,
1793 452 2050 497 magnopere
2089 438 2300 490 adhortor,
2335 444 2381 482 ut
2414 453 2593 496 eui-sum,

172 527 298 568 quem
328 512 538 569 coepistis,
569 512 760 566 teneatis,
792 517 835 555 et
863 513 1061 569 exempla
1088 513 1165 556 illa
1193 514 1363 557 scholae
1392 517 1561 555 nostrae
1589 512 1866 565 alumnorum,
1905 522 2009 566 quos
2044 524 2175 570 saepe
2214 512 2491 569 laudavimus,
2527 527 2596 557 sa-

171 587 356 630 cerdotis
383 585 477 628 dioo
506 584 591 626 iam
620 583 773 626 dudum
802 584 892 627 vita
921 584 1106 628 defuncti
1135 590 1178 628 et
1196 585 1361 639 medici,
1393 597 1515 639 quem
1544 584 1810 641 superstitem
1827 595 1923 625 esse
1941 584 2186 637 gaudemus,
2213 584 2400 627 studiose
2419 597 2596 641 sequen-

169 664 234 703 tes
261 657 537 714 oomprobetis
557 656 661 699 illud
702 657 887 701 Goethii:

910 730 1003 774 wie
1032 730 1245 774 fruchtbar
1276 730 1330 773 ist
1354 728 1432 772 der
1461 727 1644 771 kleinste
1673 726 1816 784 Kreis,

911 805 1048 848 Wenn
1077 818 1175 848 man
1203 804 1277 847 ihn
1309 802 1421 847 wohl
1442 814 1493 845 zu
1520 800 1690 858 pflegen
1718 801 1856 846 weiss.

173 876 295 928 Quod
324 877 360 921 si
389 878 583 933 feceritis,
611 878 871 934 suffragante
901 878 1073 922 fortuna
1100 877 1222 921 vobis
1252 889 1417 933 quoque
1449 875 1618 919 evenire
1647 875 1813 930 poterit,
1849 880 1893 919 ut
1920 890 1989 921 res
2014 875 2150 919 adhuc
2179 876 2365 921 oooultas
2392 876 2594 933 aperiatis

170 952 214 995 in
243 952 460 1009 luoemque
489 952 724 1008 proferatis.
763 952 928 997 Valete.

1038 1545 1441 1579 *104*
