2862 3912
1389 55 1435 99 8—

182 213 335 255 moncia
365 213 551 264 uadunt,
583 221 628 255 ut
656 229 702 255 se
727 223 895 269 quoquo¹
910 211 1074 267 pudore
1102 213 1311 253 victorine
1332 213 1565 255 exsolvant.
1625 212 1797 255 Foedae
1833 211 1955 255 huius
1982 213 2233 258 temeritatis
2261 227 2315 257 ao
2339 213 2611 268 pervicaciae

180 282 303 331 testis
334 283 482 330 uniens
512 284 650 341 adest,
681 283 779 329 alea
804 281 912 328 oubo
937 279 1102 337 similis,
1128 281 1207 326 sed
1234 282 1405 340 angulis
1431 282 1596 329 obtusis
1621 286 1680 328 et·
1697 296 1785 329 uno
1820 287 2000 331 tantum«
2016 284 2062 330 in
2093 284 2224 343 plano
2262 299 2435 331 numero
2471 299 2607 343 eoque

180 357 373 413 quinario
401 358 606 413 signatus.
665 357 810 402 Nihilo
838 355 977 400 minus
1004 356 1075 400 vel
1103 356 1184 401 hoe
1211 358 1286 402 vili
1316 359 1499 405 ossicula
1525 357 1617 403 fieri
1642 358 1790 415 potuit,
1830 363 1877 403 ut
1909 357 1969 404 de
2002 362 2091 404 tota
2119 371 2167 403 re
2205 357 2407 404 familiari
2438 364 2483 405 et
2507 359 2607 418 ipsa

176 432 233 475 de
262 431 460 476 libertate
488 436 532 476 et
568 443 742 486 corpore
771 429 1088 475 contenderent.

382 505 485 562 Cap.
516 502 675 549 XXXI.
704 502 973 546 Fortissimus
1002 502 1170 561 quisque
1208 503 1494 562 (Chattorum)
1525 506 1715 563 ferreum
1753 508 1923 563 insuper
1959 507 2153 551 annulum
2189 507 2520 564 (ignominiam
2560 507 2610 549 id

174 583 312 637 qemi)
342 582 454 623 velut
477 579 678 621 vinculmn
704 584 854 634 qestat,
886 577 1017 619 donec
1039 590 1085 618 se
1114 578 1242 620 caede
1269 579 1398 622 hostis
1425 579 1618 622 absolvat.
1676 579 1822 624 Petrei
1850 579 2007 624 annuli*
2023 588 2121 625 non·
2137 579 2292 626 desunt
2319 577 2499 636 quidem,
2531 577 2604 634 qui

176 666 277 696 vero
306 664 447 695 eorum
480 664 581 695 usus
610 651 748 705 fuerit,
780 664 864 693 non
893 649 1036 703 liquet.

376 724 479 782 Cap.
523 724 653 768 XLV.
691 725 860 782 (Aestii)
902 732 1076 768 matrem
1110 724 1228 766 doum
1261 733 1533 779 venerantur,-
1573 730 1734 784 iurique
1775 728 2089 783 stupentium«
2107 729 2272 783 {brucus
2307 739 2504 783 aprorum
2531 739 2603 781 qe-

173 806 300 842 stant.
362 798 415 841 Id
435 812 519 856 pro
547 801 677 842 armis
704 801 960 857 omniumque
989 786 1119 840 wicta
1146 812 1331 841 securum
1359 800 1463 843 deae
1489 802 1687 845 cultorem
1716 803 1840 844 etiem
1868 800 1980 843 titter-
2007 800 2375 858 hostes'praestat.

378 872 514 916 Mater
543 873 670 916 deum
699 873 824 916 haud-
842 872 971 915 dubie
996 872 1188 914 Nerthus*
1222 877 1286 914 est
1321 873 1413 916 sive
1451 875 1598 918 Terra·
1616 879 1763 930 mater,
1806 887 1933 929 quam
1965 873 2206 918 Sehaffsrik
2241 873 2518 917 Bornssorum
2558 876 2602 915 et

172 945 633 993 Littavorum-Seevam
664 945 756 990 sive
784 944 1093 999 Zennesmahti,
1125 945 1300 989 aestatis
1329 951 1455 1001 atque
1474 946 1670 991 frumenti
1699 946 1837 1002 deam,
1866 946 2091 993 Slavorum
2119 952 2267 992 autem
2289 945 2608 991 Zisamtuisse'

172 1018 323 1065 docuit.
383 1022 544 1075 Aprum
572 1025 726 1073 autem,
757 1019 875 1061 euius
916 1018 1050 1060 forma
1078 1023 1200 1062 scuta
1234 1019 1465 1074 galeasque
1503 1011 1734 1075 omabanss'
1760 1020 1942 1066 maiores
1976 1020 2108 1066 nestri
2142 1018 2303 1064 animal
2338 1017 2479 1061 nobile
2517 1018 2598 1063 for·

173 1095 463 1146 tissimumque
491 1093 803 1144 existimabant,
831 1104 858 1133 a
887 1103 968 1144 quo
996 1091 1088 1145 ipse
1116 1091 1227 1134 Odin
1251 1105 1344 1135 eam
1386 1093 1521 1136 aciem
1547 1093 1858 1149 enneiformem,
1896 1105 2010 1149 quae·
2041 1092 2312 1150 suinfylking,
2343 1091 2370 1134 i.
2402 1104 2438 1136 e.
2469 1097 2604 1149 eaput

175 1169 395 1225 porcinum
428 1172 660 1218 vocaretur,
692 1164 922 1207 didicisset.
937 1168 965 1212 ¹)
1023 1163 1156 1215 Signa
1175 1163 1248 1205 illa
1276 1161 1473 1220 aprorum
1502 1165 1655 1223 partim
1685 1178 1734 1207 ex
1770 1165 1954 1209 metallis
1983 1166 2184 1210 οοιιίδοὲε
2204 1179 2313 1219 esse,
2341 1166 2455 1221 quod
2482 1166 2595 1211 Hen-

174 1243 287 1286 rieus
316 1237 715 1285 Sehweizerssidler
743 1238 948 1292 opinatur,
985 1248 1077 1279 oum
1106 1249 1183 1290 per
1211 1249 1258 1280 se
1285 1237 1390 1280 satis
1425 1239 1653 1284 verisimile
1689 1243 1766 1294 est,
1796 1242 1884 1281 tum
1910 1252 2006 1294 uno,
2040 1238 2152 1295 quod
2189 1238 2234 1281 in
2270 1238 2418 1284 Museo
2451 1245 2605 1286 nostro

170 1319 429 1366 asservatur,
460 1313 496 1355 si
526 1325 572 1355 re
601 1324 704 1355 vera
740 1312 795 1355 ab
825 1312 979 1356 Aestiis
1008 1310 1211 1363 originem
1241 1311 1372 1364 duxit,
1403 1313 1708 1367 comprobatur.
1769 1313 1837 1356 Ad
1862 1313 2095 1356 ornandum
2124 1314 2285 1354 sentum
2309 1311 2380 1355 vel
2408 1312 2593 1369 galeam,

172 1387 368 1445 quamvis
398 1391 594 1430 accurate
624 1385 865 1440 confectum,
897 1398 979 1429 non
1008 1386 1112 1429 satis
1142 1391 1287 1441 aptum
1315 1385 1495 1429 videtur.
1528 1387 1606 1430 Est
1625 1387 1737 1430 enim
1766 1398 1819 1430 ea
1848 1398 1933 1441 qua
1952 1386 2138 1430 amuleta
2156 1399 2251 1429 esse
2270 1384 2407 1430 solent
2432 1384 2597 1440 magni-

172 1463 330 1506 tudine.
391 1459 617 1515 Repertum
648 1462 712 1501 est
740 1470 870 1512 prope
900 1457 1052 1500 Halam
1082 1457 1295 1501 Saxonum
1324 1458 1449 1513 longe
1479 1460 1535 1504 ab
1564 1461 1802 1504 Aestiorum
1829 1458 1993 1503 finibus.

376 1534 483 1578 Ibid.
527 1532 694 1587 (Aestii)
727 1542 769 1574 et
795 1547 909 1574 mare
942 1540 1180 1573 serenantur
1206 1546 1254 1573 ac
1282 1534 1366 1574 solz·
1394 1538 1569 1576 omnium
1602 1539 1794 1584 sucmum,
1837 1535 1947 1590 quod
1981 1536 2064 1590 ipsi
2097 1536 2252 1590 yles-um
2286 1539 2442 1582 vocant,
2482 1533 2594 1574 iuter

174 1609 279 1651 vada
308 1618 431 1667 atque
462 1609 503 1650 e'n
535 1609 620 1663 ipso
647 1607 787 1651 littore
814 1608 965 1662 lequnt.
1021 1606 1113 1648 Nec
1139 1621 1241 1662 quae
1263 1616 1425 1660 natm-a,
1457 1624 1609 1663 quaeve
1627 1613 1739 1652 ratio
1756 1612 1914 1664 qimau,
1946 1617 1992 1650 ut
2019 1608 2221 1657 barbaris,
2243 1607 2468 1662 quaesitum
2487 1620 2594 1645 com·-

168 1689 404 1740 pertumve5
434 1685 502 1728 diu
531 1686 626 1743 quin
646 1684 767 1726 etiam
796 1680 906 1722 inter
934 1684 1073 1720 cetera
1101 1678 1367 1723 eiectamenta
1395 1683 1524 1724 mam‘s
1553 1682 1722 1736 iacebat,
1758 1682 1888 1727 donec
1916 1682 2086 1726 lmria
2113 1686 2258 1724 nostra
2286 1678 2402 1723 dedit
2427 1691 2591 1723 nomen.

171 1758 289 1810 Ipsis*
308 1760 422 1798 nullo
452 1761 491 1798 e'n
522 1772 606 1805 usu,
637 1757 741 1796 rude
771 1758 931 1809 leqe‘tnr,
964 1755 1143 1806 informe
1159 1754 1391 1807 perfertur,
1418 1757 1678 1812 pretiumque
1697 1758 1897 1797 mirantes
1914 1757 2132 1811 accipiunt.
2162 1752 2283 1796 Licet
2309 1752 2416 1808 ipsis
2433 1750 2595 1794 Aestiis

172 1829 363 1872 sueinum
391 1830 504 1872 nullo
532 1829 575 1872 in
597 1842 673 1873 usu
701 1826 842 1881 fuerit,
873 1824 1023 1869 eeteris
1054 1824 1277 1867 Germanis
1306 1839 1389 1868 non
1419 1826 1549 1871 fuisse
1578 1841 1662 1870 non
1698 1828 1875 1881 videtur,
1906 1827 2246 1884 quandoquidem
2275 1828 2385 1869 inter
2413 1826 2593 1881 antiqui-

171 1900 274 1945 tatis
305 1901 579 1948 Germanicae
608 1902 808 1959 reliquias
835 1898 962 1944 etiam
992 1898 1166 1942 sueinea
1194 1905 1441 1944 ornamenta
1469 1905 1649 1954 exstant,
1681 1901 1797 1945 velut
1836 1902 1880 1945 in
1914 1905 2057 1944 nostro
2085 1900 2243 1955 Museo,
2273 1900 2345 1943 ubi
2374 1900 2498 1943 adest
2526 1913 2591 1942 or-

173 1973 337 2019 biculus
362 1976 597 2031 perforatus
626 1974 858 2019 simillimus
888 1972 962 2026 eis,
994 1971 1064 2029 qui
1092 1984 1203 2015 nune
1230 1971 1274 2015 in
1302 1986 1460 2028 magna
1490 1973 1744 2018 Germaniae
1771 1973 2111 2030 septentrionalis
2139 1977 2260 2028 parte
2289 1986 2327 2016 a·
2345 1971 2589 2017 mulieribus

172 2047 409 2105 puellisque
438 2049 674 2104 agrestibus
701 2049 771 2093 filo
796 2051 1006 2105 pertracto
1042 2058 1119 2101 pro
1149 2047 1373 2090 monilibus
1411 2051 1642 2102 gestantur.
2225 2084 2230 2090 .

378 2121 482 2177 Cap.
512 2121 579 2164 IX.
600 2122 783 2163 Deorum
811 2121 991 2163 maxime
1016 2121 1272 2164 Mercurium
1298 2122 1447 2174 colunt,
1479 2126 1546 2165 cui
1572 2124 1698 2164 cercis
1726 2121 1866 2164 diebus
1893 2122 2079 2165 humanis
2105 2135 2261 2178 quoque
2290 2122 2437 2165 Ιιοειὶἁ·
2464 2124 2590 2165 litare

169 2196 247 2246 fas
267 2195 428 2237 habent.
459 2197 641 2239 Martem
669 2204 711 2238 et
738 2195 953 2237 lter-cutem
983 2199 1182 2237 conce-wis
1211 2197 1452 2239 animalibus
1471 2198 1653 2251 plaeanc.
1695 2197 1798 2251 Gap.
1827 2195 2003 2238 XXVII.
2033 2195 2242 2238 Funerum
2264 2197 2387 2238 nulla·
2407 2196 2586 2239 miso.

173 2265 233 2309 Id'
252 2272 385 2312 solum
408 2270 657 2321 observatur,
688 2278 735 2312 ut
760 2284 939 2326 corpora.
982 2272 1190 2312 clarorum
1230 2273 1412 2312 viror-um
1455 2273 1580 2313 cet-tezs-
1614 2272 1737 2326 liqnis
1772 2276 2017 2311 crementur.
2090 2267 2298 2311 Urnarnm
2322 2269 2590 2327 omniumque

172 2346 409 2387 nostrarum
438 2354 574 2386 rerum
602 2342 715 2385 haud
751 2342 947 2398 exiguam
983 2347 1148 2400 partem
1182 2342 1441 2399 Augustinus
1479 2344 1524 2387 in
1560 2343 1719 2388 tumulo
1734 2376 1747 2399 ,
1783 2342 1853 2400 qni
1893 2342 1937 2385 in
1970 2341 2064 2397 agri
2103 2341 2212 2385 inter
2246 2341 2587 2389 Helberstadinm

172 2416 574 2471 Derenburgumque
603 2415 694 2458 loeo
722 2416 954 2460 editissimo
983 2422 1076 2462 erat
1104 2422 1356 2473 exstructus,
1400 2423 1500 2461 ante
1535 2418 1612 2461 hos
1649 2415 1724 2458 LV
1758 2428 1892 2459 annes
1927 2414 2020 2470 ipse
2049 2414 2230 2470 detexit,-
2252 2420 2295 2458 et
2321 2422 2491 2473 reperta
2520 2431 2587 2462 ae-

173 2489 443 2534 euratissime·
466 2488 735 2543 deseripsit.²)
801 2491 891 2533 Iam
934 2490 1091 2534 dudum
1125 2491 1191 2534 vir
1223 2492 1523 2546 sagacissimus
1558 2491 1698 2534 loeum
1730 2488 1888 2532 editum
1920 2501 2009 2531 non·
2039 2487 2188 2531 eollem
2223 2489 2476 2544 naturalem,
2512 2491 2593 2534 sed

171 2563 375 2607 tunulum
404 2574 499 2607 esse
528 2562 582 2606 ab
612 2562 851 2608 hominibus⁴
874 2568 1119 2619 eongestum
1146 2563 1395 2619 suspicatus,
1433 2562 1599 2609 etiamsi
1627 2575 1711 2607 non
1740 2564 1904 2606 suetam
1931 2560 2057 2606 illam
2079 2560 2331 2606 eiroularem·
2353 2562 2592 2617 globosam*

175 2649 259 2695 que
286 2637 590 2682 Germanorum
624 2637 835 2679 bustorum
878 2638 1056 2680 formam
1100 2636 1339 2693 exhiberet,
1375 2652 1468 2682 mox
1511 2635 1808 2694 permultorum
1846 2634 2058 2679 hominnm
2100 2635 2342 2691 sepulerum-
2386 2650 2482 2682 esse
2525 2650 2593 2681 ee·-

170 2710 342 2764 gnovita-
362 2708 608 2752 Aeeuratius
636 2712 775 2753 autem
804 2710 1043 2766 inspicienti
1071 2720 1155 2754 non
1184 2723 1291 2755 unus
1315 2714 1477 2754 tantum
1506 2708 1710 2764 tumulusr
1731 2707 1809 2753 sed
1835 2707 2129 2763 compluribus
2144 2708 2324 2753 tumulis
2334 2709 2592 2765 eompositus

172 2797 268 2828 esse
298 2783 414 2826 visus
443 2785 520 2836 est,
551 2781 621 2837 qui
651 2793 904 2839 quamquam
932 2796 1091 2839 magna
1118 2795 1322 2828 annorum
1358 2781 1470 2827 serie
1496 2782 1583 2827 iam
1610 2793 1803 2827 corruere
1837 2783 1881 2825 et
1913 2779 2102 2825 naturali
2133 2779 2324 2839 quedm
2361 2785 2476 2828 motu
2509 2796 2590 2830 su·

171 2860 367 2914 ipsorum·
394 2855 601 2911 gravitate
644 2867 953 2910 quoquoversus
984 2871 1161 2913 vergere
1195 2861 1434 2914 coeperant,
1464 2855 1578 2899 haud
1607 2853 1780 2898 difficile
1814 2855 1859 2897 in
1893 2854 2076 2913 quinque
2101 2859 2253 2912 partes*
2275 2848 2591 2911 distingueban-

170 2937 249 2976 tur.
308 2930 581 2974 'ramulorum
609 2932 801 2972 naturam
828 2936 874 2973 ut
901 2935 1182 2986 eognoseeret,
1213 2944 1286 2977 eos
1315 2931 1538 2989 perfodere
1576 2929 1732 2975 statuit.

372 3003 429 3047 Et
455 3002 635 3059 primum
664 3003 845 3060 quidem,
874 3017 997 3061 quem
1025 3016 1254 3059 aggressus
1282 3010 1360 3061 est,
1387 3006 1600 3061 tumulum,
1632 3004 1744 3061 quod
1775 3004 1872 3062 ipsa
1897 3017 1951 3048 ex
1990 3003 2207 3062 inaequali
2244 3003 2343 3048 eius-
2364 3003 2587 3060 superlieie

170 3078 261 3121 iam*
286 3082 416 3122 antem
444 3077 510 3120 vir
538 3077 731 3120 acerrimi
760 3077 917 3130 ingenii
936 3078 1210 3132 divinaverat,
1242 3078 1350 3121 alios
1377 3078 1462 3120 iam
1489 3079 1658 3135 pridem
1691 3082 1976 3134 perscrutatos
2004 3090 2100 3123 esse
2125 3090 2225 3121 mox
2252 3076 2463 3134 apperuit,
2492 3089 2588 3120 eum

169 3156 341 3208 praeter
371 3155 505 3195 testas
535 3155 577 3193 et
606 3150 779 3193 cultrum
810 3162 976 3194 saxeum
1005 3152 1107 3194 nihil
1135 3158 1306 3196 teneret.

376 3357 404 3400 ¹)
429 3356 484 3390 Cf.
508 3356 585 3389 Jac.
611 3354 755 3394 Grimm,
780 3352 983 3386 Geschichte
1008 3355 1068 3387 der
1092 3357 1277 3390 deutschen
1301 3358 1461 3399 Sprache.
1486 3361 1605 3391 Erster
1629 3359 1728 3390 Band
1753 3369 1785 3399 p.
1812 3361 1864 3390 57.

373 3401 405 3443 ²)
430 3401 502 3434 Cfr.
527 3400 594 3432 Die
617 3398 978 3432 Halberstaedtischen
1002 3400 1141 3431 Bliitter.
1187 3402 1272 3434 Eine
1296 3403 1572 3436 Woehenschrift
1596 3403 1875 3445 herausgegeben
1910 3412 1978 3434 von
2003 3402 2063 3434 Dr.
2096 3401 2175 3435 Chr.
2201 3403 2331 3435 Friedr.
2357 3402 2482 3435 Bernh.
2509 3402 2585 3435 Au·

168 3450 293 3489 gustin.
343 3446 565 3481 Halberstadt
594 3448 687 3478 1823.
712 3443 773 3475 Nr.
805 3446 858 3475 32.
884 3446 937 3475 33.
961 3447 1014 3475 34.
