2862 3912
1418 87 1448 127 9

429 249 498 293 Ad
526 249 705 293 alterum
732 258 828 291 cnm
854 245 1089 299 tra-ism,
1116 242 1295 299 prinum
1323 244 1485 288 invenit
1512 254 1614 288 ossa
1631 241 1807 286 duorum
1834 236 2047 281 hominum
2067 233 2280 280 cineribus
2306 236 2645 291 carbonibusque

231 323 569 382 „pompeam
599 321 750 380 quibus
777 318 951 363 remotis
977 317 1178 373 apparuit
1204 315 1454 361 fornicatum
1482 314 1837 372 hemisphaerium
1866 324 1998 367 super
2012 310 2139 354 basin
2161 309 2310 353 decem
2336 310 2468 365 peaes
2496 315 2642 367 paten-

227 406 316 445 tem
341 399 387 442 in
414 410 492 443 sex
518 395 675 452 pedum
702 392 968 438 altitudinem
1005 396 1275 436 enstrnctnm.
1362 391 1575 436 Suberant
1616 388 1778 431 cineres
1814 386 1968 442 partim
1996 384 2090 427 ravi
2118 386 2272 439 partim
2302 385 2519 429 mbimudi
2548 399 2642 429 enm

228 470 484 517 intermixtis
510 467 773 519 carbonibus,
806 463 958 521 quibus
998 475 1233 521 permagna
1271 466 1555 510 ambustorum
1590 461 1746 506 ossium
1782 458 1906 516 copia
1939 458 2258 514 contegebatur.
2338 455 2470 500 Erant
2504 465 2645 503 autem

231 561 330 591 ossa
360 550 581 601 puerorum
618 538 938 595 puellarumque
979 551 1072 582 cum
1104 540 1251 595 pauci
1284 543 1446 581 tantum
1482 538 1720 581 adultorum
1753 534 1965 577 hominum
2002 533 2186 577 fortasse
2223 531 2483 576 seminarunt.
2557 532 2646 576 Imo

231 625 375 664 autem
403 616 562 660 tumulo
589 614 635 656 in
662 612 791 655 humo
815 611 989 654 humida
1016 624 1172 665 magna
1199 625 1396 655 vasorum
1427 613 1616 657 fictilium
1655 613 1827 665 reperta
1860 613 1925 650 est
1959 608 2094 662 copia,
2135 619 2161 649 e
2193 606 2344 661 quibus
2387 605 2535 660 vigint-i
2570 619 2645 649 sex

232 691 395 739 servari
424 690 638 746 poterant:
668 683 855 741 patellae
885 697 1014 729 urnae
1044 686 1167 729 urcei.
1226 686 1401 730 Praeter
1429 688 1535 731 duas
1565 698 1705 739 urnas,
1743 684 1787 725 in
1814 682 1966 739 quibus
2003 680 2171 735 singula
2207 685 2329 721 eraut
2355 681 2536 724 ossicula
2567 681 2646 724 for-

233 774 350 812 tasse
378 762 547 809 fortuito
574 760 706 814 illata,
737 757 879 801 nullae
909 757 1175 802 continebant
1199 759 1502 804 combustorum
1532 760 1758 814 hominum,
1795 756 2014 812 reliquias.
2089 753 2203 798 Vasa
2233 768 2316 797 non
2355 753 2539 809 singula,
2571 755 2648 798 sed

230 843 346 895 bina,
387 844 520 889 terna,
552 838 758 888 quaterna
786 832 991 876 collocata
1020 834 1233 887 quaternis
1257 832 1470 888 lapidibus
1489 834 1776 889 cingebantur,
1808 831 1951 885 quinto
1971 830 2154 883 desuper
2179 829 2439 881 tegebantur.
2472 829 2649 884 Propter

234 911 418 971 patellas
438 907 681 965 plerumque
700 904 820 961 ipsas
846 905 1046 962 inversas,
1071 906 1250 952 fortasse
1267 911 1381 951 motu
1405 907 1479 951 illo
1498 906 1681 950 naturali
1710 906 1765 949 ab
1793 904 1857 949 eis
1875 903 2055 959 deiecta,
2084 903 2399 947 tenerrimarum
2428 901 2647 945 infantium

236 985 433 1029 iacebant
455 980 601 1023 crania
629 978 729 1020 bina
755 984 940 1024 ternave.
1013 983 1150 1037 Prope
1176 982 1324 1024 aberat.
1353 995 1507 1036 magna
1542 981 1610 1024 vis
1639 981 1924 1023 ambustorum
1955 976 2124 1031 ossium,
2157 988 2266 1033 quae
2294 983 2467 1019 tenerae
2494 976 2649 1020 aetatis

234 1068 455 1114 puerorum
484 1065 578 1095 esse
607 1051 711 1094 satis
741 1057 833 1095 erat
860 1054 1136 1108 perspicuum.
1203 1055 1317 1097 Inter
1342 1068 1394 1097 ea
1426 1041 1607 1111 quinque
1642 1053 1761 1095 cultri
1796 1052 1974 1094 sacrifici
2015 1049 2323 1092 diversissimae
2354 1047 2649 1101 magnitudinis

235 1135 278 1174 et
306 1127 498 1173 cultellus
527 1125 584 1168 ad
613 1124 913 1169 detrahendam
949 1127 1099 1182 pellem
1129 1131 1252 1181 aptus
1280 1128 1435 1180 reperti
1466 1131 1578 1180 sunt,
1610 1139 1754 1168 omnes
1784 1125 1915 1168 saxei.

437 1198 618 1253 Tertius,
649 1212 770 1254 quem
798 1198 1018 1256 perfodere
1047 1200 1197 1255 coepit,
1226 1200 1406 1243 tumulus
1446 1205 1639 1256 quattuor
1668 1199 1895 1254 lapidibus,
1924 1198 2076 1255 quibus
2106 1196 2274 1252 quintus
2304 1193 2650 1249 superimpositus

237 1276 325 1330 fuit,
358 1274 547 1328 signatus
576 1271 719 1313 subter
745 1272 920 1315 similem
941 1272 1129 1334 lapidum
1158 1274 1393 1327 congeriem
1413 1275 1653 1318 continebat
1682 1286 1780 1317 ossa
1808 1273 2044 1316 adultorum
2075 1270 2285 1312 hominum
2316 1269 2357 1310 in
2387 1268 2650 1312 altitudinem

238 1349 411 1392 duorum
437 1346 591 1403 pedum
620 1344 841 1388 cumulata.
899 1345 965 1388 Ad
994 1345 1227 1402 marginem
1255 1346 1402 1390 tumuli
1430 1347 1575 1402 viginti
1603 1349 1736 1404 pedes
1766 1349 1809 1391 in
1850 1345 2154 1399 longitudinem
2186 1346 2391 1388 carbones
2432 1349 2473 1386 et
2510 1345 2651 1387 ambu-

238 1428 392 1465 storum
414 1422 620 1474 lignorum
649 1418 852 1474 reliquiae
880 1424 1000 1460 erant
1019 1425 1235 1475 aggestae,
1267 1433 1372 1476 quas
1400 1421 1590 1475 pinorum
1620 1433 1714 1464 esse
1745 1431 2052 1476 quercuumque
2081 1419 2309 1462 etiamtunc
2347 1418 2544 1473 cognosci
2579 1433 2652 1477 po·

239 1497 332 1542 tuit.
393 1494 561 1540 Similes
587 1507 666 1537 nec
693 1497 834 1535 tamen
862 1491 923 1533 ita
951 1492 1201 1548 conspicuae
1231 1494 1274 1535 in
1304 1499 1531 1536 ceterorum
1563 1508 1726 1549 quoque
1762 1494 2011 1536 tumulorum
2047 1494 2241 1545 margine
2277 1498 2398 1534 erant
2425 1494 2650 1537 exteriore.

238 1570 360 1615 Aliae
389 1566 652 1624 antiquitatis
682 1564 884 1621 reliquiae
914 1564 957 1607 in
986 1564 1064 1610 hoc
1092 1567 1249 1612 tumulo
1279 1567 1420 1611 nullae
1449 1567 1684 1611 exstabant.

440 1640 587 1693 Quarti
619 1640 765 1681 tumuli
796 1639 961 1693 lapides
989 1651 1073 1680 non
1100 1639 1162 1681 ita
1190 1639 1414 1683 artificiose
1440 1644 1560 1683 erant
1589 1639 1825 1698 compositi,
1865 1652 2117 1698 quamquam
2167 1643 2210 1684 et
2260 1638 2327 1684 hic
2377 1652 2459 1683 non
2505 1638 2653 1684 deerat

239 1718 354 1760 basis
383 1717 459 1758 illa
486 1714 669 1768 lapidea,
708 1727 833 1766 super
876 1726 1000 1766 quam
1043 1713 1087 1753 in
1114 1715 1276 1756 duobus
1314 1716 1410 1755 aliis
1442 1715 1612 1756 tumulis
1649 1714 2002 1768 hemisphaerium
2042 1717 2134 1754 erat
2180 1716 2448 1754 exstructum.
2522 1715 2654 1758 Totus

241 1792 381 1838 autem
408 1785 589 1831 tumulus
618 1784 796 1830 refertus
825 1788 917 1828 erat
945 1784 1110 1829 ossibus
1140 1785 1271 1830 virilis
1300 1787 1452 1830 aetatis
1478 1787 1690 1830 hominum
1719 1787 1873 1840 partim
1908 1785 2049 1837 armis,
2089 1790 2134 1826 ut
2177 1785 2314 1827 visum
2350 1793 2427 1838 est,
2459 1788 2654 1830 dissectis

242 1862 462 1918 rubrisque
491 1859 700 1903 cineribus
730 1858 901 1915 opertis.
958 1856 1148 1902 Aderant
1175 1863 1397 1915 praeterea
1425 1872 1549 1902 unum
1579 1863 1740 1902 tantum
1771 1861 1978 1904 vasculum
2009 1859 2230 1911 integrum,
2262 1864 2411 1914 testae,
2445 1861 2654 1904 variorum

239 1937 602 1979 instrumentorum
644 1933 844 1987 aerugine
873 1930 1093 1973 adesorum
1123 1931 1340 1989 reliquiae.
1373 1933 1422 1975 In
1446 1946 1604 1977 summo
1634 1932 1722 1976 fere
1742 1934 1897 1976 tumulo
1927 1932 2147 1975 rubicundi
2176 1933 2442 1989 apparebant
2471 1934 2651 1979 cineres.

391 2030 395 2034 ·
442 2006 599 2058 Quinta
626 2006 808 2061 denique
836 2018 937 2060 pars
967 2004 1012 2046 in
1040 2018 1144 2048 urna
1170 2007 1326 2062 optime
1356 2012 1524 2051 servata
1550 2008 1712 2050 duabus
1742 2018 1832 2048 cum
1862 2006 2000 2049 fibulis
2038 2007 2089 2049 ad
2130 2018 2256 2049 unum
2292 2005 2434 2049 omnia
2471 2006 2656 2050 contine-

240 2083 314 2124 bat
339 2094 438 2124 ossa
466 2079 639 2123 infantis
667 2092 815 2123 recens
844 2078 945 2132 nati,
985 2078 1056 2133 qui
1094 2078 1138 2120 in
1178 2083 1320 2135 strage
1354 2081 1536 2136 ingentis
1570 2081 1848 2124 multitudinis
1883 2080 2095 2123 hominum
2135 2080 2249 2123 solus
2285 2079 2375 2123 eius
2412 2081 2656 2136 sepulturae

240 2153 409 2197 honoris
436 2154 651 2208 particeps
681 2153 811 2196 fuisse
840 2153 1017 2196 videtur.
1051 2152 1271 2196 Hominem
1299 2155 1410 2198 enim
1438 2156 1554 2210 prius
1585 2168 1709 2210 qua-m
1737 2154 1879 2208 genito
1913 2153 2038 2195 dente
2068 2154 2251 2195 cremari
2281 2166 2438 2196 morem
2468 2155 2655 2208 gentium

240 2239 324 2269 non
345 2224 475 2269 fuisse
501 2225 701 2270 discimus
730 2239 754 2269 e
783 2226 910 2270 Plinii
938 2226 1033 2270 hist.
1061 2231 1147 2270 nat.
1175 2227 1267 2271 libr.
1304 2227 1397 2271 VII.
1428 2242 1523 2284 cap.
1554 2225 1668 2270 XVI.

442 2299 558 2343 Satis
588 2300 651 2343 vel
679 2313 733 2342 ex
760 2300 840 2343 hac
869 2300 1150 2355 descriptione
1181 2301 1373 2344 existimo
1412 2300 1576 2344 elucere
1606 2316 1689 2345 non
1726 2304 1881 2344 temere
1918 2299 1971 2342 de
2007 2302 2153 2344 tumuli
2190 2309 2343 2346 natura
2382 2302 2658 2355 ‚augustinum

238 2373 464 2429 iudicasse,
494 2387 588 2416 cum
618 2387 711 2416 eum
738 2374 948 2418 horribilis
976 2374 1133 2427 stragis
1169 2375 1303 2417 locum
1341 2375 1605 2429 ingentisque
1643 2375 1945 2417 immolatorum
1976 2374 2186 2431 hominum
2215 2374 2494 2417 multitudinis
2524 2373 2661 2430 sepul-

240 2457 354 2489 crum
384 2458 478 2489 esse
508 2446 678 2490 diceret.
737 2446 856 2490 Idem
880 2447 1085 2490 intellexit
1114 2461 1197 2491 non
1226 2447 1305 2491 soli
1341 2448 1544 2492 Mercurio
1571 2448 1802 2491 Germanos
1831 2448 1873 2489 in
1902 2447 1975 2490 illo
2004 2448 2095 2491 loco
2118 2449 2303 2490 humanas·
2331 2449 2478 2489 hostias
2506 2449 2658 2496 litasse,

239 2520 317 2562 sed
335 2522 510 2561 victores
527 2520 731 2560 deber-sam
760 2524 890 2562 aciem
910 2519 1049 2562 Marci
1074 2534 1123 2561 ac
1150 2519 1365 2563 Mercurio
1388 2523 1624 2572 sacravisse,
1656 2535 1733 2578 quo
1753 2529 1844 2563 volo
1874 2522 1976 2577 equi,
2008 2523 2098 2575 vin’,
2131 2528 2274 2564 cuncta
2319 2521 2425 2563 victa
2457 2523 2663 2563 occidioni

241 2595 456 2636 dabantur.
518 2593 602 2636 Ofr.
633 2593 771 2637 Tacit.
801 2595 909 2636 Anu.
936 2593 1052 2635 XIII.
1084 2593 1152 2634 57.
1183 2592 1280 2634 Non
1308 2593 1444 2636 minus
1471 2593 1738 2648 perspicuum
1759 2598 1824 2636 est
1848 2594 1891 2635 in
1919 2594 2209 2638 sacrificandis
2237 2594 2387 2638 hostiis
2418 2593 2661 2637 distinctum

240 2667 369 2710 fuisse
397 2680 480 2709 non
512 2665 647 2707 solum
676 2665 784 2708 inter
814 2670 999 2719 aetates,
1038 2665 1116 2707 sed
1146 2665 1326 2708 fortasse
1356 2667 1483 2709 etiam
1511 2667 1621 2709 inter
1649 2678 1814 2721 sexum3
1851 2669 1948 2721 quin
1978 2668 2106 2711 etiam
2146 2680 2200 2709 ex
2229 2666 2436 2720 lignorum
2473 2665 2663 2721 reliquiis

243 2746 285 2783 et
314 2741 497 2783 cinerum
528 2737 815 2781 diversissimo
844 2739 982 2781 colore
1009 2750 1092 2779 non
1121 2736 1347 2779 absurdum
1374 2743 1439 2782 est
1458 2738 1661 2781 coniicere
1690 2740 1734 2783 id
1761 2753 1923 2797 quoque
1954 2742 2216 2783 observatum
2236 2738 2380 2795 fuisse,
2411 2746 2455 2781 ut
2484 2754 2662 2798 corpora

241 2815 448 2856 clarorum
476 2814 657 2855 virorum
686 2815 812 2854 certis
840 2813 962 2868 lz'qm‘s
996 2819 1293 2853 cremarentur.

443 2886 627 2938 Tacitus,
659 2878 771 2941 quod
799 2885 1031 2928 Germanos
1059 2884 1265 2927 Mercurio
1293 2883 1418 2927 certis
1440 2883 1589 2927 diebus
1619 2885 1810 2930 humanis
1830 2900 1995 2941 quoque
2023 2886 2174 2929 hostiis
2204 2886 2331 2929 litare
2351 2886 2417 2930 fas
2448 2886 2663 2942 habuisse,

243 2962 419 3004 Martem
445 2960 654 3005 concessis
681 2958 934 3001 animalibus
963 2957 1203 3013 placavisse
1232 2962 1388 3011 narrat,
1419 2958 1474 2999 ab
1504 2957 1685 3002 Henrico
1724 2959 1962 3005 Schweizer
1998 2959 2315 3014 angustioribus
2341 2960 2504 3015 finibus,
2536 2974 2664 3018 quam

243 3035 420 3088 licuerit,
450 3035 567 3077 illum
594 3033 716 3075 ritum
747 3031 1123 3087 circumscripsisse
1152 3030 1313 3085 dicitur,
1343 3046 1436 3075 eum
1466 3032 1508 3074 in
1540 3031 1676 3087 ipsius
1705 3032 1823 3076 libris
1851 3048 1935 3078 non
1961 3034 2103 3077 desint
2140 3037 2402 3086 argumenta,
2433 3046 2506 3075 cur
2535 3034 2665 3076 etiam

243 3107 362 3151 Marti
391 3110 434 3150 et
461 3106 545 3162 ipsi
572 3106 734 3149 Nertho
763 3105 951 3150 homines
975 3104 1213 3148 immolatos
1242 3116 1336 3147 esse
1364 3103 1596 3147 credamus,
1655 3103 1751 3148 Non
1768 3111 1893 3151 recte.
1923 3108 2036 3151 Nam
2053 3107 2092 3150 si
2116 3106 2283 3148 verbum
2314 3107 2514 3161 placandi
2545 3121 2665 3164 urge·

242 3195 346 3229 mus,
378 3181 578 3225 Germani
606 3180 743 3223 minus
771 3178 976 3233 religione
1006 3176 1194 3221 obstricti
1223 3179 1265 3219 et
1288 3174 1466 3229 obligati
1495 3175 1553 3219 ad
1582 3177 1706 3221 deum
1734 3179 2001 3236 placandum,
2033 3192 2159 3234 quam
2189 3179 2254 3224 ira
2280 3186 2407 3237 atque
2436 3181 2576 3226 furore
2606 3183 2668 3226 in-

243 3257 358 3300 censi
387 3257 613 3300 barbarum
642 3255 760 3297 illum
780 3265 937 3296 morem
955 3251 1088 3294 secuti
1117 3263 1211 3293 esse
1240 3249 1456 3303 videntur3
1485 3250 1549 3292 sin
1579 3252 1751 3294 nimium
1770 3267 1848 3296 nos
1876 3253 2010 3295 verba
2028 3265 2180 3305 urgere
2209 3253 2375 3306 dixeris,
2405 3257 2667 3300 monebimus

242 3328 437 3373 Tacitum
463 3327 686 3384 perspicue
714 3326 769 3370 de
796 3323 962 3379 vulgari
989 3327 1150 3366 tantum
1178 3334 1233 3365 ac
1256 3320 1432 3364 solemni
1460 3335 1673 3366 sacrorum
1705 3337 1795 3380 usu,
1827 3340 1911 3370 non
1946 3327 2001 3371 de
2037 3325 2145 3369 raris
2175 3326 2427 3381 quibusdam
2455 3334 2498 3372 et
2525 3330 2667 3384 singu-

242 3401 401 3446 laribus
430 3402 733 3446 Germanorum
768 3396 1083 3442 crudelitatibus
1125 3395 1259 3439 verba
1297 3394 1448 3440 facere.
1510 3396 1667 3442 Servos
1703 3404 1855 3456 autem,
1887 3398 1971 3457 qui,
2012 3413 2105 3444 cum
2139 3399 2344 3443 Nerthum
2376 3407 2537 3446 secreto
2572 3402 2668 3445 lacu

242 3474 476 3529 abluerunt,
520 3472 669 3517 eodem
697 3472 795 3516 lacu
828 3471 967 3515 hausti
1003 3475 1111 3525 sunt,
1139 3482 1224 3514 non
1251 3470 1389 3525 magis
1417 3483 1494 3526 pro
1521 3469 1669 3515 hostiis
1697 3471 1893 3527 habeam,
1924 3486 2051 3529 qnam
2086 3473 2310 3530 ministros,
2349 3475 2420 3530 qui
2445 3479 2671 3530 postquam

2392 3547 2411 3576 2
