2862 3912
1468 71 1494 110 3

269 225 516 282 populorum
544 224 572 267 i.
603 238 639 268 e.
678 224 930 268 Graecorum
967 227 1009 266 et
1045 224 1327 268 Romanorum
1369 224 1495 268 vitam
1534 220 1871 278 cognoscendam
1906 222 2136 281 quidquam
2174 237 2225 267 ex
2259 225 2338 268 hoc
2373 226 2487 271 fonte
2525 226 2687 270 hauriri

240 346 242 349 ¹
269 310 404 353 posse,
433 292 573 341 tamen
602 299 905 343 Germanorum
930 309 1068 342 mores
1098 301 1142 341 et
1169 298 1424 342 consuetudo
1451 297 1517 340 his
1563 295 1752 352 reliquiis
1796 295 1903 339 bene
1941 293 2214 349 illustrantur,
2255 301 2299 340 et
2330 310 2468 351 pauca
2500 297 2685 342 fortasse

268 370 426 424 poteris
454 370 553 412 inde
582 369 794 423 colligere,
824 382 935 424 quae
963 382 1049 412 non
1077 370 1188 414 male
1215 371 1406 415 conferas
1445 371 1503 412 ad
1533 367 1729 423 antiquos
1759 366 1894 410 libros
1932 366 1988 409 de
2025 367 2328 411 Germanorum
2364 368 2454 412 vita
2486 383 2539 413 ac
2565 369 2691 413 mori-

268 442 347 486 bus
375 442 723 499 interpretandos.
780 440 900 491 Quae
929 453 1181 499 quamquam
1210 458 1293 487 non
1321 443 1383 486 ita
1409 442 1542 485 multa
1570 443 1667 484 sunt
1695 453 1773 482 nec
1800 438 1859 481 ad
1899 438 1977 481 hoc
2012 438 2150 494 ipsum
2195 441 2339 495 magni
2382 443 2592 497 momenti,
2623 446 2692 486 ta-

267 528 364 558 men
392 528 474 558 non
503 516 687 559 alienum
718 514 883 558 videtur
911 528 964 558 ea
997 515 1064 559 hic
1093 530 1326 572 recensere,
1356 514 1469 572 quod
1497 511 1797 568 discipulorum
1827 510 1992 556 animos
2028 512 2216 557 excitare
2251 518 2428 569 possunt
2468 518 2511 557 et
2538 515 2596 558 ad
2622 516 2688 558 in·

268 586 556 642 vestigandum
585 587 958 645 inquirendumque
988 588 1189 634 alliciunt.
1247 591 1362 634 Inter
1387 588 1516 631 libros
1544 589 1697 640 autem,
1719 585 1791 642 qui
1819 584 1900 629 huc
1916 589 2121 642 spectant,
2152 601 2247 631 cum
2274 586 2567 631 adulescentes
2589 587 2681 632 fere

266 659 402 703 solum
431 660 476 703 in
505 659 641 703 Taciti
659 660 725 704 rde
754 661 835 705 situ
863 662 1049 706 moribus
1077 668 1119 708 et
1146 664 1313 723 populis
1342 659 1596 706 Germaniae
1620 659 1809 704 libellum
1827 658 2082 716 incumbant,
2113 660 2236 706 huius
2265 663 2490 718 sequentes
2519 665 2686 707 senten·

270 734 352 777 tias
382 734 642 789 eundemque
672 735 759 778 fere
787 750 924 779 rerum
954 736 1140 780 ordinem
1170 739 1244 780 illa
1272 748 1490 780 recensere
1519 733 1773 788 conabimur,
1810 734 2057 789 praemissis
2083 733 2334 792 quibusdam
2361 733 2416 777 de
2443 734 2681 792 domiciliis,

266 821 377 863 quae
407 806 574 863 quidem
604 822 688 852 non
715 809 758 852 in
785 810 928 853 Museo
958 817 1101 853 nostro
1130 813 1402 866 reperiuntur,
1440 810 1515 853 sed
1545 809 1589 850 in
1617 809 1715 851 alvo
1744 813 1884 850 terrae
1923 810 2056 850 multa
2094 821 2172 862 per
2213 807 2385 849 saecula
2412 808 2455 849 in
2484 808 2685 850 comitatu

268 878 627 935 Wernigerodano
652 884 821 924 servata
850 885 958 925 sunt.
1033 882 1084 925 In
1121 888 1308 929 extrema
1344 881 1628 939 disputatione
1665 880 1870 926 addemus
1895 895 2035 938 pauca
2061 880 2115 925 de
2145 879 2363 926 sacrificiis
2391 883 2433 923 et
2463 879 2517 923 de
2547 880 2687 935 sepul-

268 957 363 995 tura
378 952 652 1009 ·antiquorum
684 954 998 1000 Germanorum.

469 1025 523 1067 Et
553 1025 606 1068 de
631 1026 852 1071 domiciliis
880 1029 1048 1082 quidem
1076 1030 1256 1084 legimus
1281 1032 1398 1087 apud
1425 1031 1617 1074 Tacitum
1645 1029 1689 1070 in
1719 1030 1975 1073 Germaniae
2013 1029 2155 1084 capite
2194 1028 2311 1081 XVI,
2354 1026 2426 1069 ubi
2460 1030 2686 1083 postquam

267 1099 322 1143 de
348 1090 545 1143 universa
571 1099 686 1156 apud
714 1114 787 1145 eos
815 1100 1033 1146 habitandi
1062 1108 1187 1161 atque
1209 1104 1463 1150 aedificandi
1494 1104 1657 1147 ratione
1696 1102 1941 1158 disputavit,
1980 1102 2041 1145 ita
2083 1101 2244 1157 pergit:
2286 1100 2432 1143 Solent
2460 1109 2502 1143 et
2527 1101 2689 1143 subter-

271 1186 422 1213 raneos
446 1187 589 1227 specu-s·
617 1177 786 1230 aperire
814 1191 959 1233 eosque
987 1178 1112 1219 multo
1140 1180 1308 1235 insuper
1332 1180 1430 1233 fimo
1459 1185 1646 1231 onerant,
1675 1176 1894 1232 suffuqium
1923 1176 2051 1218 hiemi
2075 1183 2118 1218 et
2144 1176 2446 1231 receptaculum
2471 1173 2677 1230 frugibus,

266 1249 361 1303 quia
390 1250 571 1303 riqorem
593 1248 801 1302 lbiqorum
830 1251 914 1290 eius
941 1250 1054 1291 modi
1079 1251 1178 1292 locis
1215 1253 1415 1302 molliunt,
1447 1259 1488 1293 et
1515 1254 1556 1293 si
1580 1250 1743 1307 quando
1785 1251 1914 1291 hostis·
1945 1250 2123 1300 advenit,
2161 1256 2312 1306 aperta
2342 1249 2583 1305 populatur,
2616 1245 2688 1287 ab·

267 1322 356 1363 dita
385 1329 517 1363 antem
547 1330 588 1363 et
616 1322 778 1375 defossa
807 1329 877 1363 aut
904 1324 1164 1377 ignorantur,
1199 1333 1272 1367 aut
1300 1339 1347 1367 εο
1378 1328 1465 1381 ipso
1490 1326 1660 1380 fallunt,
1691 1323 1801 1379 quod
1827 1323 2066 1378 quaerenda
2093 1329 2199 1363 sunt.
2271 1322 2374 1365 Cum
2406 1321 2483 1376 eis,
2514 1320 2568 1363 de
2597 1319 2686 1375 qui·

267 1395 345 1437 bus
371 1399 497 1437 antea
526 1394 685 1437 locutus
714 1397 790 1446 est,
820 1392 1011 1437 domibus
1037 1409 1187 1451 specus
1225 1382 1520 1441 subterraneos
1558 1398 1754 1450 opponat,
1791 1407 1920 1449 supra
1959 1409 2054 1438 eum
2091 1395 2146 1437 de
2188 1394 2437 1438 editioribus
2477 1392 2682 1436 aedificiis

264 1467 471 1511 disserere
496 1482 617 1511 nemo
645 1480 729 1509 non
756 1465 883 1508 videt.
941 1466 1098 1512 Horum
1126 1475 1200 1512 aut
1219 1470 1357 1514 nullas
1383 1476 1457 1514 aut
1483 1469 1761 1526 paucissimas
1781 1482 1875 1511 esse
1899 1471 2100 1526 reliquias
2120 1470 2270 1512 mirum
2291 1482 2374 1512 non
2403 1474 2481 1521 est,
2512 1467 2679 1509 illorum

264 1546 308 1585 et
336 1542 440 1585 alibi
465 1555 546 1584 non
576 1540 724 1583 deesse
751 1537 932 1593 vestigia
960 1540 1153 1586 audimus
1182 1546 1224 1586 et
1251 1542 1295 1586 in
1322 1542 1473 1587 finibus
1500 1540 1622 1585 huius
1652 1539 1870 1585 comitatus
1899 1541 2052 1587 adesse
2080 1541 2266 1597 Adolphi
2297 1540 2576 1585 Friederichii
2613 1553 2686 1583 no-

264 1616 341 1658 stri
377 1615 431 1657 de
461 1614 609 1658 studiis
647 1612 905 1666 antiquitatis
942 1612 1218 1658 Germanicae
1253 1616 1410 1672 optime
1443 1615 1581 1659 meriti
1610 1628 1736 1658 curae
1763 1627 1942 1668 sagaces
1989 1615 2249 1659 detexerunt.
2281 1616 2457 1659 Duobus
2494 1615 2605 1658 enim
2640 1614 2686 1656 in

263 1688 440 1732 collibus
469 1688 523 1730 ad
550 1688 660 1731 viam
688 1685 869 1741 priscam
898 1685 1006 1728 inter
1024 1686 1370 1742 Wernigerodam
1400 1694 1442 1732 et
1469 1689 1607 1731 vicum
1630 1687 1956 1744 vetustissimum
1977 1687 2275 1743 Veckenstedt,
2306 1689 2378 1744 qui
2408 1702 2519 1732 nunc
2538 1689 2684 1731 Koch·

265 1761 451 1805 lerbrink
480 1766 522 1804 ct
550 1759 816 1814 Stukenberg
841 1764 1053 1813 vocantur,
1085 1758 1189 1803 satis
1220 1764 1336 1804 certa
1363 1761 1435 1806 ille
1463 1761 1648 1819 repperit
1676 1759 1869 1814 vestigia,
1909 1773 2018 1816 quae
2048 1760 2187 1805 Taciti
2216 1761 2349 1805 verba
2377 1775 2471 1805 cum
2501 1761 2674 1816 egregie

264 1834 487 1888 illustrant,
517 1840 604 1876 tum
633 1833 811 1888 insignis
840 1845 978 1876 rerum
1007 1832 1223 1887 scriptoris
1249 1836 1515 1879 enarratione
1545 1834 1904 1892 exoptatissimam
1944 1834 2080 1879 lucem
2118 1835 2343 1892 accipiunt.
2355 1835 2387 1890 ¹)
2447 1834 2502 1877 Et
2529 1833 2574 1876 in
2601 1833 2678 1876 illo

264 1909 435 1963 quidem
463 1907 584 1959 colle,
611 1908 682 1961 qui
707 1920 735 1948 a
764 1906 1023 1949 carbonariis
1051 1920 1203 1949 nomen
1232 1907 1407 1962 accepit,
1443 1909 1636 1963 Visurgis
1664 1914 1708 1950 et
1740 1910 1859 1952 Albis
1892 1909 2107 1953 fluminum
2141 1909 2185 1952 in
2215 1909 2297 1953 hoc
2330 1921 2444 1964 pago
2479 1906 2676 1956 divortio,

266 1976 326 2025 ab
356 1982 432 2036 eis,
465 1980 535 2036 qui
565 1993 736 2023 arenam
766 1979 967 2033 petebant
996 1984 1038 2022 et
1066 1979 1279 2033 eruebant,
1311 1982 1593 2037 compluribus
1621 1995 1670 2025 ex
1698 1981 1821 2025 annis
1850 1982 2032 2027 declivia
2051 1982 2210 2038 passim
2241 1983 2304 2025 ita
2333 1986 2454 2025 erant
2483 1980 2679 2034 discissa,

274 2061 320 2099 ut
345 2069 472 2099 unum
501 2053 571 2097 vel
596 2052 739 2108 plures
769 2051 895 2094 etiam
924 2052 1055 2108 pedes
1085 2053 1162 2096 sub
1191 2052 1377 2107 caespite
1404 2053 1570 2110 lapides
1598 2054 1773 2109 fuligine
1802 2054 1922 2098 obliti
1949 2056 2052 2099 alba
2080 2057 2125 2099 in
2154 2069 2287 2100 arena
2311 2054 2527 2111 conspicui
2556 2066 2680 2109 prae·

276 2128 526 2172 tereuntium
546 2127 688 2170 oculos
705 2126 749 2168 in
765 2138 812 2167 se
841 2129 1081 2169 convertere
1098 2129 1282 2180 possent,
1311 2125 1584 2171 Friederichii
1604 2132 1716 2172 certe
1744 2127 1929 2172 animum
1960 2127 2018 2172 ad
2044 2142 2134 2173 rem
2159 2129 2397 2173 accuratius
2425 2127 2686 2183 investigan-

269 2203 374 2246 dam
415 2201 649 2245 incitarent.
719 2197 800 2249 Qui
835 2213 927 2242 cum
964 2213 1157 2244 vasorum
1200 2199 1327 2242 etiam
1368 2199 1553 2245 fictilium
1592 2197 1828 2259 fragmenta
1864 2201 2125 2258 conspiceret
2170 2202 2521 2261 frequentissima,
2560 2202 2687 2247 inter·

273 2276 400 2319 mixta
428 2278 651 2331 praeterea
676 2274 800 2318 boum
825 2287 944 2318 suum
973 2285 1186 2318 cervorum
1213 2286 1312 2317 ossa
1339 2280 1587 2329 agnosceret
1614 2275 1729 2319 velut
1758 2290 1822 2332 ea,
1851 2275 1963 2320 unde
1992 2275 2180 2321 medulla
2207 2276 2343 2333 petita
2371 2282 2449 2332 est,
2479 2277 2615 2322 scissa
2643 2283 2689 2322 et

273 2351 421 2406 fracta,
447 2349 573 2394 facile
602 2348 683 2393 sibi
711 2348 921 2404 persuasit
948 2348 1062 2393 focos
1090 2347 1242 2391 adesse
1271 2347 1593 2403 antiquissimos.
1631 2350 1713 2401 Qui
1741 2351 1826 2394 foci
1850 2349 1981 2394 ternis
2012 2350 2178 2406 saltem,
2208 2350 2382 2406 saepius
2406 2350 2598 2405 pluribus
2624 2351 2688 2394 la·

273 2425 444 2482 pidibus
468 2425 530 2468 ita
558 2421 813 2478 compositis,
842 2427 888 2466 ut
914 2426 1035 2466 terna
1062 2422 1197 2465 latera
1224 2419 1478 2476 clauderent,
1518 2427 1709 2479 quartum
1747 2427 1938 2479 apertum
1975 2423 2201 2479 haberent,
2240 2423 2399 2468 conditi
2437 2424 2688 2480 plerumque

265 2498 457 2556 spatium
486 2496 676 2541 binorum
703 2495 859 2552 pedum
885 2499 959 2540 aut
986 2495 1122 2539 minus
1149 2492 1417 2539 continebant
1442 2494 1548 2539 satis
1574 2502 1718 2553 aptum
1747 2511 1840 2541 cum
1870 2495 1928 2539 ad
1955 2495 2202 2552 recipienda
2229 2498 2348 2554 ligna
2375 2502 2463 2541 tum
2492 2497 2551 2541 ad
2579 2511 2690 2543 vasa

273 2571 469 2615 tenenda.
500 2570 667 2613 Talium
697 2570 894 2625 focorum,
923 2570 995 2627 qui
1021 2570 1129 2614 alius
1156 2567 1292 2622 magis
1320 2567 1404 2611 alio
1434 2574 1552 2612 erant
1578 2571 1824 2626 perturbati,
1855 2568 2167 2613 Friederichius
2206 2575 2249 2613 et
2272 2571 2369 2627 plns
2388 2570 2564 2626 triginta
2591 2571 2687 2628 ipse

270 2643 484 2701 patefecit,
516 2647 558 2684 et
579 2642 625 2685 in
652 2655 757 2696 agro
786 2646 982 2698 quattuor
1009 2642 1098 2686 fere
1125 2642 1314 2697 iugerum
1341 2640 1438 2697 plus
1467 2645 1638 2685 centum·
1660 2642 1790 2687 fuisse
1819 2642 2045 2686 existimat.
2074 2642 2224 2700 Neque
2252 2641 2359 2685 illud
2377 2641 2514 2686 virum
2533 2642 2691 2687 acerri—

272 2731 387 2763 mum
415 2716 523 2772 fugit
550 2715 692 2759 omnia
720 2713 915 2759 aedificia
942 2714 988 2758 in
1012 2715 1157 2770 aprico
1185 2715 1304 2760 collis
1333 2715 1466 2759 latere
1499 2714 1545 2758 in
1567 2716 1786 2761 meridiem
1824 2719 2026 2770 vergente
2062 2715 2232 2760 condita
2266 2715 2412 2772 fuisse,
2448 2716 2493 2759 in
2521 2720 2689 2773 septen·

274 2790 446 2835 trionali
472 2793 612 2833 autem
641 2789 781 2833 nullas
811 2802 906 2833 esse
941 2802 1084 2833 eorum
1111 2789 1324 2847 reliquias.

475 2862 578 2906 Eius
606 2863 738 2919 collis,
770 2863 837 2908 cui
865 2862 1133 2919 Stukenberg
1160 2868 1225 2909 est
1252 2877 1414 2920 nomen,
1445 2863 1645 2908 maiorem
1674 2863 1843 2921 quidem
1861 2865 2027 2919 partem
2045 2874 2179 2919 nsque
2203 2862 2261 2905 ad
2281 2862 2391 2907 hunc
2418 2864 2543 2908 diem·
2560 2865 2696 2908 omni·

267 2952 329 2981 no
358 2950 442 2981 non
472 2935 690 2994 adierunt,
707 2940 764 2990 ut,
797 2950 906 2994 qnae
934 2936 979 2979 in
1007 2950 1061 2980 ea
1086 2936 1256 2995 lateant,
1286 2938 1537 2994 ignoremus,
1569 2937 1822 2996 quibusdam
1859 2947 1983 2981 vero*
2000 2933 2047 2978 in
2082 2934 2187 2980 locis
2221 2936 2382 2983 similes
2418 2938 2500 2983 soci
2533 2937 2689 2983 detecti

275 3015 371 3055 sunt
399 3011 592 3067 aliaeque
621 3011 984 3056 subterraneorum
1012 3011 1295 3055 aedificiorum
1323 3011 1547 3067 reliquiae3
1577 3011 1655 3054 sed
1683 3024 1777 3055 cum
1805 3011 1861 3053 ab
1897 3011 1972 3064 eis,
2007 3010 2080 3066 qui
2114 3023 2287 3053 arenam
2318 3012 2531 3066 petebant,
2557 3011 2691 3065 negli-

272 3090 483 3143 gerentur,
516 3082 616 3141 quin
634 3083 761 3128 etiam
781 3084 1054 3141 diruerentur,
1086 3097 1159 3130 cur
1176 3099 1346 3130 numero
1375 3085 1503 3129 multo
1530 3083 1714 3128 minores
1739 3084 1904 3140 fuerint,
1933 3084 2201 3141 perspicuum
2229 3090 2307 3129 est.
2339 3086 2453 3129 luter
2482 3085 2559 3128 hos
2588 3097 2694 3127 unns

271 3160 457 3217 quinque
494 3163 593 3202 ante
625 3159 747 3203 annis
794 3159 981 3204 detectus
1023 3159 1083 3203 ita
1121 3163 1212 3203 erat
1247 3162 1533 3215 comparatus,
1576 3162 1622 3200 ut
1660 3157 1946 3202 Friedericuio
1974 3158 2127 3214 dignus
2161 3172 2256 3204 esse
2289 3158 2525 3213 videretur,
2572 3170 2697 3214 quem

271 3232 509 3275 accuratius
565 3233 830 3277 describeret.
928 3225 1003 3275 In*
1039 3232 1145 3276 colle
1198 3233 1258 3275 ita
1303 3232 1493 3276 abscisso
1542 3231 1759 3288 arduoque
1773 3263 1785 3285 ,
1842 3237 1888 3273 ut
1931 3231 2067 3276 instar
2125 3233 2231 3275 muri
2290 3238 2431 3277 essent
2485 3232 2667 3277 declivia
2679 3265 2699 3287 „

481 3470 509 3514 ι>
533 3472 612 3504 Vid.
638 3472 833 3505 Zeitschrift
857 3472 916 3505 des
941 3470 1194 3507 Hera-Vereins
1217 3470 1273 3503 fiir
1296 3470 1500 3517 Geschichte
1523 3472 1593 3503 und
1617 3472 1961 3505 Alterthumskunde.
2019 3471 2136 3504 Erster
2159 3471 2340 3512 Jahrgang
2364 3481 2395 3512 p.
2425 3475 2484 3504 126
2510 3481 2605 3512 seqq.

2422 3526 2460 3560 ι*
