2862 3912
1413 83 1436 125 7

620 240 689 285 vil
719 242 827 287 boch
852 257 909 287 an
937 246 1073 290 sineru
1101 248 1252 289 swerte
1458 254 1504 286 er
1532 241 1589 283 im
1618 242 1702 286 den
1729 241 1837 283 boue
1864 239 1920 282 do
1947 236 2022 281 bot

618 342 672 349 —
702 316 757 360 vil
785 317 891 363 lieh‘t
913 317 1003 362 und
1030 316 1091 361 vil
1119 314 1300 364 schoeno
1501 330 1593 361 was
1621 329 1680 372 er,
1709 325 1791 359 von
1819 311 1946 367 goldo
1972 312 2038 354 rot
2072 336 2117 342 --

619 392 700 435 daz
729 404 777 435 er
803 392 848 434 in
875 392 981 434 uber
998 386 1140 435 'fuorte
1343 392 1388 434 in
1416 391 1498 434 daz
1527 390 1657 434 Elsen
1684 390 1798 431 lant:

618 466 695 509 der
721 464 964 511 ubermuete
984 477 1112 519 verge
1311 478 1408 507 nam
1439 464 1532 508 selb
1558 465 1640 506 daz
1669 461 1821 505 moder
1849 472 1904 501 an
1942 459 1984 501 di
2016 459 2129 500 bant.

617 581 736 624 Oucb
765 595 855 624 was
883 583 960 624 der
987 582 1104 624 selbe
1130 596 1258 638 verge
1460 585 1520 626 vil
1546 581 1729 624 muelich
1763 582 1888 631 gesit.

623 653 697 698 diu
726 653 793 706 gir
821 653 929 698 nach
954 655 1120 707 grozem
1148 663 1272 711 guote
1476 657 1535 699 vil
1560 656 1714 698 boesez
1744 650 1853 695 ende
1880 654 1968 713 git:v
2056 667 2059 670 ·

618 726 675 773 do
700 726 852 773 wando
880 740 927 772 er
949 727 1172 774 verdienen
1373 731 1454 776 daz
1483 730 1690 786 Hagenen
1720 725 1822 782 gold
1851 728 1899 772 so
1934 728 2018 770 rsit:

614 801 696 860 ‚des
722 801 809 843 leid
838 814 884 844 er
911 815 992 844 von
1021 802 1117 845 dem
1145 804 1308 859 degene
1509 804 1593 846 sint
1621 803 1706 844 den
1734 800 1993 854 gri‘mmegen
2021 801 2095 841 tot.

220 893 344 946 Quod
390 893 469 939 hoc
511 896 603 940 loco
647 908 815 939 monere
857 910 941 954 non
983 897 1163 941 alienum
1201 898 1389 950 videtur,
1433 909 1527 939 cum
1565 898 1609 939 in
1650 894 1792 938 verbis
1825 908 1974 947 maqna
2014 904 2131 932 arma
2171 902 2255 931 nou
2311 887 2463 929 iniuria
2509 888 2635 931 offen-

221 969 361 1013 derint
388 968 649 1024 interpretes,
683 966 839 1024 quippe
868 968 937 1026 qui
967 969 1010 1013 in
1039 970 1136 1014 telis
1162 971 1296 1014 minus
1324 967 1558 1029 desiderari
1576 966 1921 1024 magnitudinem,
1953 976 2078 1020 quam
2104 958 2369 1002 habilitatem
2388 958 2636 1013 existiment,

205 1057 339 1087 arma
367 1042 506 1087 autem
535 1041 592 1085 ad
620 1040 857 1096 tegendum,
886 1046 932 1085 ut
950 1043 1033 1087 sint
1060 1044 1322 1088 inhaerentia
1346 1042 1509 1098 corpori
1538 1042 1737 1097 tegmina,
1769 1039 1919 1095 optari.
1948 1036 2033 1079 Ofr.
2064 1034 2171 1078 Anu.
2202 1033 2261 1078 11.
2295 1033 2360 1078 14.
2388 1033 2507 1076 Haec
2533 1033 2638 1075 mihi

223 1129 356 1160 causa
374 1116 505 1160 fuisse
526 1114 695 1168 videtur,
726 1128 798 1157 cnr
822 1114 1062 1173 Koechlyus
1081 1118 1294 1174 scripserit
1319 1120 1496 1172 insiqnia
1525 1131 1654 1169 arma,
1684 1115 1795 1171 quod
1815 1107 2022 1157 Henricus
2041 1104 2436 1153 Schweizer·Sidler
2464 1105 2637 1160 recepit.

227 1190 285 1233 At
313 1201 393 1233 nec
418 1189 553 1233 minus
579 1187 805 1233 verisimile
833 1192 897 1233 est
925 1188 968 1232 iu
996 1203 1112 1233 arma
1140 1191 1273 1236 latere
1297 1189 1443 1235 vitium
1473 1202 1550 1234 nec
1576 1190 1755 1248 insiqnia
1793 1201 1820 1231 a
1848 1183 2035 1230 librariis
2064 1181 2109 1226 in
2134 1193 2284 1239 maqna
2312 1182 2513 1224 mutatum
2542 1191 2638 1224 esse

220 1264 351 1306 ullam
381 1265 508 1308 habet
535 1266 895 1319 probabilitatem3
925 1269 969 1306 at
997 1264 1034 1308 si
1061 1264 1168 1307 forte
1197 1265 1388 1306 armillae
1426 1263 1624 1318 scriptum
1662 1269 1753 1307 erat
1789 1265 1969 1306 exeunte
2009 1259 2142 1310 linea,
2181 1254 2381 1298 facillime
2431 1254 2521 1297 fieri
2565 1267 2638 1308 po-

220 1337 312 1389 tuit,
341 1341 386 1378 ut
414 1338 674 1381 mutilaretur
702 1346 743 1382 et
780 1352 857 1392 pro
896 1353 1067 1393 maynae
1104 1341 1293 1381 armillae
1330 1353 1476 1391 mayna
1511 1352 1627 1378 arma
1674 1338 1894 1388 legeretur.
1969 1335 2058 1377 Sed
2093 1332 2395 1387 qualiscunque
2431 1335 2497 1371 est
2530 1329 2636 1370 haec

219 1409 415 1466 suspicio,
445 1425 529 1455 non
556 1415 693 1468 potest
721 1426 803 1455 non
832 1412 876 1454 in
905 1425 998 1455 eam
1026 1411 1222 1467 incidere,
1251 1412 1319 1454 cui
1351 1424 1450 1455 usus
1475 1410 1547 1453 ille
1576 1410 1759 1464 antiquis
1780 1407 2035 1451 carminibus
2065 1407 2108 1449 in
2139 1402 2383 1447 memoriam
2412 1401 2636 1456 reducitur,

222 1488 265 1526 et
302 1484 346 1526 iu
374 1485 518 1528 Museo
545 1490 686 1529 nostro
716 1484 906 1528 armillae
935 1490 1184 1543 torquesque
1212 1486 1255 1528 in
1285 1499 1370 1528 una
1398 1489 1440 1527 et
1468 1482 1617 1526 eadem
1647 1484 1811 1527 cistella
1839 1482 2046 1525 coniuncti
2074 1479 2152 1525 sub
2181 1476 2324 1521 oculos
2352 1474 2521 1519 cadunt.

425 1558 629 1611 Pecunia,
662 1571 786 1614 quam
812 1560 989 1602 Romani
1016 1561 1249 1604 Germanos
1279 1560 1471 1614 accipere
1500 1558 1737 1610 docuerunt,
1770 1557 1966 1612 quoniam
1995 1554 2231 1608 Romana1)
2262 1553 2351 1606 fuit,
2382 1549 2520 1603 magis
2549 1549 2638 1604 qui-

221 1631 318 1675 dem
348 1631 527 1686 pertinet
556 1633 612 1675 ad
640 1633 929 1684 Romanorum,
954 1647 1079 1690 quam
1109 1635 1408 1677 Germanorum
1439 1629 1741 1686 antiquitatem.
1821 1630 1906 1673 Sed
1947 1633 2154 1687 quatenus
2189 1624 2421 1683 aliquando
2456 1624 2499 1665 in
2529 1636 2639 1666 com-

219 1706 377 1749 mercio
408 1705 472 1749 his
498 1706 575 1749 fuit
604 1707 829 1760 commodo,
861 1707 950 1750 eius
978 1707 1313 1750 commemoratio
1343 1718 1426 1747 non
1462 1716 1632 1758 prorsus
1661 1704 1802 1746 aliena
1832 1710 1896 1747 est
1925 1705 1981 1746 ab
2019 1703 2141 1746 huius
2178 1698 2478 1754 disputationis
2505 1697 2637 1740 consi-

221 1779 295 1825 lio
356 1780 462 1825 Sunt
489 1784 628 1824 autem
657 1780 701 1823 in
730 1780 874 1824 Museo
902 1784 1044 1824 nostro
1073 1780 1155 1824 duo
1184 1784 1344 1824 tantum
1374 1777 1529 1823 nummi
1557 1778 1734 1834 antiqui
1809 1779 1931 1822 Alter
1966 1777 2023 1821 ad
2055 1776 2195 1819 vicum
2221 1773 2458 1818 Minsleben
2495 1783 2636 1825 reper-

223 1856 292 1896 tus
319 1852 363 1895 in
392 1852 571 1896 adverso
601 1852 771 1897 exhibet
800 1858 925 1909 caput
953 1853 1185 1898 laureatum
1214 1856 1256 1897 et
1283 1852 1445 1896 litteras
1469 1852 1568 1895 IMP
1597 1852 1739 1896 CAES
1762 1850 1946 1897 DOMIT
1964 1849 2074 1893 AVG
2098 1848 2256 1893 GERM
2277 1846 2356 1890 PM
2384 1845 2496 1890 TRP
2518 1844 2634 1897 VIII,

220 1927 264 1969 in
294 1941 463 1970 reverso
493 1927 654 1969 litteras
683 1928 783 1969 IMP
810 1929 919 1970 XIX
948 1929 1053 1972 COS
1092 1928 1216 1970 XIIII
1251 1928 1503 1970 CENSPRP
1533 1933 1575 1969 et
1608 1928 1840 1970 Minervam
1880 1928 2026 1969 dextra
2054 1936 2181 1966 manu
2228 1922 2479 1976 sagittarum
2513 1921 2639 1963 fasci—

220 2000 371 2053 culum,
401 1999 572 2044 sinistra
600 2001 792 2044 lanceam
820 2005 1048 2056 tenentem3
1087 2002 1144 2044 ad
1172 2002 1322 2056 pedem
1351 2002 1458 2043 deae
1487 2006 1646 2044 scutum
1675 2001 1936 2043 acclinatum.
2011 1999 2131 2040 Alter
2156 2010 2290 2052 prope
2324 1996 2461 2038 vicum
2492 1994 2637 2036 Daun-

216 2071 329 2116 stedt
355 2062 549 2116 inventus
578 2072 621 2116 iu
649 2073 823 2117 adverso
844 2074 971 2118 habet
998 2080 1124 2130 caput
1149 2076 1283 2119 fascia
1311 2074 1485 2126 ligatum
1513 2086 1605 2116 cum
1635 2074 1784 2116 litteris
1812 2066 1911 2117 lMP
1931 2071 2192 2116 TRAIANO
2222 2069 2338 2112 AVG
2359 2068 2475 2111 GER
2503 2067 2636 2110 DAC-

217 2144 293 2188 PM
331 2143 471 2200 TRP3
499 2143 542 2187 in
570 2158 734 2190 reverso
763 2145 1124 2200 GOSVPPSPQR
1152 2145 1367 2194 OPTIMO
1396 2145 1600 2190 PRING.'
1624 2147 1671 2189 In
1703 2148 1846 2191 Museo
1876 2146 2109 2190 nummario
2138 2143 2313 2188 Comitis
2342 2147 2439 2186 sunt
2468 2147 2634 2185 centum

219 2218 488 2274 septuaginta
514 2218 698 2275 quinque
726 2219 880 2262 nummi
909 2220 1070 2277 antiqui
1098 2225 1141 2265 et
1169 2221 1374 2277 duplicem
1403 2232 1539 2274 paene
1565 2232 1779 2263 numerum
1809 2220 1984 2265 Carolus
2016 2218 2220 2270 Zeisberg
2254 2215 2425 2269 collegit
2452 2215 2636 2273 filiisque

217 2291 401 2348 reliquit.
461 2290 617 2334 Horum
648 2306 812 2350 quoque
844 2294 955 2337 haud
991 2296 1186 2350 exiguam
1224 2298 1386 2352 partem
1416 2294 1458 2336 in
1493 2294 1685 2337 manibus
1716 2294 1978 2349 antiquorum
2016 2293 2321 2336 Germanorum
2358 2289 2490 2334 fuisse
2525 2290 2633 2334 satis

217 2366 386 2423 quidem
416 2366 635 2421 probabile
662 2371 744 2423 est3
776 2369 853 2413 sed
881 2384 974 2413 cum
998 2370 1053 2413 de
1082 2384 1134 2413 ea
1160 2384 1206 2413 re
1234 2371 1337 2413 nihil
1366 2376 1549 2423 constet,
1575 2369 1632 2411 ad
1659 2368 1821 2422 reliqua
1850 2373 2125 2410 transeamus.

419 2438 557 2495 Magis
585 2440 712 2484 etiam
740 2456 866 2500 quam
896 2443 1152 2487 armillarum
1179 2445 1466 2501 torquiumque
1495 2442 1795 2486 formositatem
1823 2441 2103 2485 admiraberis
2123 2439 2381 2494 elegantiam
2401 2446 2531 2496 atque
2559 2441 2636 2483 ha-

191 2474 422 2557 'bilitatem
450 2513 683 2558 fibularum.
742 2516 899 2559 Earum
928 2516 1082 2560 mentio
1112 2517 1157 2560 fit
1185 2518 1228 2560 in
1258 2532 1350 2575 cap
1381 2519 1513 2562 XVII.
1588 2517 1787 2573 Teyumen
1824 2515 2005 2557 omnebus
2042 2529 2184 2572 saqum
2218 2515 2348 2568 fibula
2382 2522 2466 2565 ant,
2496 2517 2537 2557 si
2562 2516 2634 2557 de·

211 2592 280 2639 sit,
311 2591 432 2645 spina
460 2597 702 2631 consertum.
763 2591 944 2634 Nostrae
973 2590 1141 2647 quidem
1170 2600 1265 2635 sunt
1290 2596 1450 2634 aeneae
1480 2592 1624 2647 cisque
1647 2589 1895 2641 simillimae,
1925 2587 2077 2642 quibus
2105 2588 2292 2632 feminae
2321 2587 2466 2632 nescio
2496 2602 2521 2631 e
2550 2602 2636 2645 quo

215 2667 416 2719 tempore,
447 2664 559 2705 certe
588 2661 868 2717 compluribus
898 2678 947 2708 ex
976 2663 1099 2707 anuis
1127 2669 1287 2709 vestem
1315 2678 1533 2709 conserere
1562 2664 1696 2708 solent
1730 2670 1785 2718 et,
1808 2676 1877 2718 >ne
1904 2662 2063 2704 acubus
2092 2661 2331 2715 laedantur,
2363 2674 2511 2705 cavere
2537 2675 2634 2716 pos·

213 2739 321 2778 sunt.
380 2735 593 2778 Habemus
621 2734 819 2790 pulchras
848 2736 1088 2794 optimeque
1116 2742 1307 2782 servatas
1335 2736 1499 2786 fibulas,
1531 2736 1608 2780 sed
1637 2737 1732 2781 aliis
1770 2736 1813 2779 in
1842 2736 1998 2779 Museis
2033 2734 2164 2780 etiam
2201 2734 2519 2781 artificiosiores
2558 2735 2631 2779 ad-

212 2812 322 2863 sunt,
353 2822 460 2865 quas
487 2807 779 2851 hodiernorum
807 2810 999 2865 opificum
1030 2823 1100 2853 ars
1129 2824 1211 2853 non
1239 2811 1369 2853 multo
1407 2809 1679 2865 superaverit.

414 2883 517 2936 Cap.
548 2881 731 2924 XXIIII.
762 2882 929 2932 Aleum,
961 2883 1071 2939 quod
1103 2885 1273 2937 mirere,
1304 2883 1436 2924 sobrii
1465 2885 1577 2923 inter
1609 2885 1720 2923 seria
1751 2892 1954 2925 eoeereent
1988 2891 2106 2926 tanta
2152 2884 2347 2926 lucrandi
2374 2884 2633 2940 perdendive

211 2959 455 3007 tentem‘tate,
487 2964 542 3007 ut,
573 2971 660 2999 eum
689 2956 824 2998 omnia
843 2957 1094 3012 defecerunt,
1127 2965 1314 2999 extremo
1344 2972 1392 2999 ac
1419 2957 1632 2999 nom'seimo
1661 2958 1770 2999 iactu
1798 2958 1850 2999 de
1880 2958 2074 2999 libertate
2103 2972 2152 2999 ac
2181 2958 2233 3000 de
2262 2972 2440 3015 corpore
2467 2966 2635 3001 conteri-

210 3027 327 3072 dant.
393 3029 441 3071 V
436 3031 540 3074 ἑστιῶ*
566 3032 838 3074 voluntariam
870 3032 1105 3073 servitutem
1143 3032 1255 3083 ada't3
1291 3032 1470 3087 quamvis
1498 3032 1697 3081 iuvenior,
1736 3035 1917 3089 quamvis
1951 3032 2161 3075 robustior
2198 3033 2375 3089 alliqari
2416 3049 2459 3076 se
2488 3049 2537 3077 ac
2563 3050 2630 3077 ve·

207 3105 304 3146 nire
328 3106 501 3160 patitur.
559 3105 627 3148 Ea
647 3112 711 3148 est
735 3107 779 3147 in
808 3119 857 3147 re
878 3119 1014 3162 prava
1039 3106 1296 3162 peroioaeia3
1340 3104 1423 3159 ipsi
1441 3102 1567 3157 fidem
1596 3114 1753 3152 vocant.
1814 3107 1966 3150 Servos
1996 3107 2244 3150 conditionis
2272 3108 2390 3151 hidas
2414 3124 2495 3165 per
2524 3124 2630 3152 com-

413 3359 441 3401 ¹)
465 3359 519 3392 cf.
543 3359 658 3392 Germ.
682 3369 757 3402 cap.
781 3358 824 3391 V.
848 3359 1010 3391 Proximi
1032 3359 1077 3391 ob
1099 3367 1200 3390 usum
1222 3359 1504 3391 commerciorum
1529 3369 1655 3393 aurum
1690 3364 1722 3394 el
1745 3365 1927 3406 arqenlum
1959 3365 1996 3396 in
2017 3364 2131 3408 prelio
2158 3363 2285 3397 liabent
2306 3363 2506 3409 formaeque
2529 3373 2632 3408 quas—

204 3403 288 3439 dam
310 3408 452 3440 nostrae
469 3407 637 3451 pecuniae
659 3408 850 3450 aqnoeamt
871 3407 974 3449 atque
996 3403 1146 3449 elimam.-
1169 3404 1352 3438 interiores
1381 3405 1573 3448 simplicius
1607 3410 1641 3439 et
1670 3410 1846 3450 antiquius
1875 3413 2134 3452 per-naariam
2169 3421 2334 3442 meream
2366 3414 2518 3443 naman.
2565 3411 2630 3442 Pe—

203 3453 555 3493 amianaprooantv
534 3450 982 3492 vem-elemediunotam,
1018 3452 1172 3482 seer-rato
1206 3450 1416 3492 biqaloaeque.
1469 3451 1662 3494 Argentum
1692 3455 2265 3499 quoquemayiequamaurum
2298 3457 2498 3498 seq-amaa,
2532 3453 2628 3488 nulla

202 3492 385 3536 affectione
408 3496 528 3540 animi,
553 3495 615 3529 sed
637 3496 718 3540 quia
741 3505 903 3530 numer-m
925 3498 1165 3541 argenteorum
1186 3492 1328 3536 facilior
1349 3497 1430 3529 usui
1450 3498 1501 3529 eet
1518 3498 1721 3541 promiscua
1746 3501 1779 3532 et
1806 3499 1890 3534 vilia
1912 3501 2154 3535 amanam.
