2862 3912
1436 39 1464 80 6

432 196 535 251 Cap.
563 197 651 240 XV.
689 196 881 239 Gaudent
901 197 1127 250 praecipue
1151 195 1422 246 finitimarum
1449 200 1631 252 qentium
1658 199 1798 247 donec,
1830 212 1935 253 quae
1962 211 2043 238 uon
2078 197 2198 238 modo
2227 212 2254 238 a
2280 198 2466 253 ἀραιὴ,
2506 199 2582 239 sed
2610 206 2654 239 et

225 269 394 326 publice
420 271 652 321 mittuntur,
685 272 808 313 electi
833 270 937 326 equi,
965 281 1115 323 maqna
1147 281 1276 324 arma,
1300 270 1507 327 phalerae
1527 278 1782 328 torquesque.
1811 268 1900 313 Iam
1929 276 1972 311 et
1982 271 2199 326 pecuniam
2227 270 2418 327 accipere
2433 271 2652 318 docuimus.

431 342 645 399 Torquem
672 344 830 388 amisso
859 355 937 398 per
965 341 1116 385 vulnus
1144 343 1265 387 oculo
1294 356 1371 400 pro
1400 345 1589 401 praemio
1618 346 1841 400 acceperat
1868 341 2022 385 Flavus
2051 341 2228 385 Arminii
2254 341 2402 389 frater.
2443 342 2510 389 Of.
2539 342 2648 390 Tac.

231 417 339 459 Ann.
370 416 428 457 ΙΙ.
457 417 497 458 9.
557 416 638 467 Qui
664 416 730 460 hic
760 419 925 460 exstant
949 419 1139 471 torques,
1170 417 1295 461 aenei
1322 423 1420 462 sunt
1457 429 1736 473 magnamque
1761 416 1869 459 inter
1907 427 1954 459 se
1992 416 2197 471 praebent
2232 415 2557 472 similitudinem,
2589 422 2648 473 ut,

232 490 271 533 si
299 490 355 533 ab
384 503 467 533 uno
496 493 656 532 tantum
697 494 929 533 ceterorum
971 489 1181 544 imagines
1212 492 1353 535 animo
1388 495 1571 546 finxeris,
1610 503 1693 534 non
1721 490 1782 531 ita
1819 489 1945 542 longe
1982 502 2011 531 a
2048 490 2223 534 veritate
2264 491 2463 534 aberrare
2495 491 2652 546 possis.

228 561 421 606 Placebit
451 559 656 604 commodi
685 561 920 606 ornamenti
949 575 1043 606 cum
1062 562 1332 620 simplicitate
1361 565 1581 610 coniuncta
1601 566 1797 608 venustas
1826 565 1869 604 et
1895 565 1998 617 apta
2035 566 2314 608 extremarum
2349 562 2530 619 partium
2565 564 2654 607 iun-

228 639 358 678 ctura.
442 632 706 689 Quamquam
736 646 821 675 non
850 646 904 677 ex
930 636 1214 691 compluribus
1249 637 1331 681 filis
1360 637 1403 679 in
1433 650 1479 681 se
1514 636 1679 680 retortis
1712 637 1917 688 constant,
1951 635 2063 679 unde
2099 634 2359 679 Forcellinus
2392 626 2465 679 eos
2501 648 2653 680 nomen

233 708 431 749 habuisse
461 706 575 758 dicit,
607 711 749 748 tamen
778 721 862 749 non
891 709 1044 750 iniuria
1073 715 1242 766 torques
1272 710 1528 777 (στρεπτούς)
1566 710 1702 751 vocari
1728 722 1781 750 ex
1813 712 1923 749 tortu
1962 708 2271 762 multiplicabili
2298 720 2513 762 agnosces.

431 791 588 834 'Portae
618 792 813 835 solebant
841 807 936 837 esse
966 795 1093 837 etiam
1122 795 1313 837 armillae
1343 794 1654 848 Germanorum,
1705 793 1817 849 quod
1846 796 1887 835 et
1915 792 2068 835 nostris
2097 793 2410 846 exemplaribus
2439 795 2656 848 cognosci·

227 868 293 906 tur
323 868 364 907 et
394 877 419 907 e
450 864 648 908 carminis
679 864 733 906 de
764 864 1054 909 Hildebrando
1085 876 1126 910 et
1155 863 1443 909 Hadubrando
1457 865 1486 920 ¹)
1518 864 1651 908 verbis
1681 866 1834 910 elucet:

1154 946 1279 980 auant
1304 940 1379 981 her
1407 939 1461 980 do
1491 953 1540 980 ar
1568 952 1684 981 arme

1205 1013 1412 1054 uuuntane
1441 1011 1580 1065 bouga

1151 1086 1414 1139 cheisuringfi
1445 1086 1576 1140 gitan,

1204 1162 1251 1201 so
1281 1159 1366 1201 imo
1395 1161 1440 1202 se
1470 1160 1547 1202 der
1575 1161 1759 1213 chuning
1787 1174 1873 1215 gap

1152 1231 1299 1277 Hfineo
1328 1234 1497 1277 truhtin.

431 1311 565 1353 Erant
591 1310 719 1365 igitur
749 1322 826 1353 eae
857 1319 1018 1365 quoque
1047 1305 1154 1348 inter
1183 1306 1306 1362 dona,
1345 1307 1495 1365 quibus
1523 1307 1691 1364 publice
1727 1307 1926 1353 Germani
1956 1309 2232 1366 donabantur,
2262 1308 2495 1367 quibusque
2525 1321 2652 1366 prae-

231 1380 359 1439 cipue
380 1398 454 1427 eos
484 1384 657 1438 gavisos
682 1396 776 1425 esse
807 1394 898 1424 cum
925 1395 977 1423 ex
1006 1379 1100 1421 aliis
1130 1379 1392 1434 antiquitatis
1421 1381 1669 1424 testimoniis
1678 1384 1710 1431 ³)
1755 1387 1841 1424 tum
1876 1395 1929 1424 ex
1959 1382 2121 1437 egregii
2160 1381 2374 1436 carminis,
2412 1382 2523 1438 quod
2550 1383 2650 1426 cita-

232 1458 376 1513 vimus,
409 1456 550 1502 verbis
579 1459 771 1511 apparet.
830 1453 953 1497 Haud
977 1466 1071 1496 raro
1103 1452 1365 1508 reperiuntur
1404 1453 1534 1497 multo
1574 1455 1752 1500 maiores
1786 1456 2084 1513 gravioresque
2123 1468 2247 1512 quam
2283 1468 2392 1511 quae
2433 1455 2478 1498 in
2506 1461 2651 1501 nostro

229 1535 328 1575 sunt
366 1530 536 1587 Museo,
576 1530 730 1573 eximia
766 1527 1069 1573 vetustissimae
1105 1524 1208 1568 artis
1252 1526 1497 1581 specimina.
1590 1527 1710 1579 Quae
1746 1530 1857 1573 enim
1885 1530 1953 1574 hie
1986 1532 2211 1582 servantur,
2246 1540 2327 1571 eae
2351 1528 2480 1572 multo
2509 1531 2647 1586 magis

228 1604 288 1646 ad
316 1608 490 1647 tenerae
521 1604 694 1658 virginis
741 1602 913 1645 brachia
948 1600 1290 1645 accommodatae
1328 1605 1439 1655 sunt,
1476 1614 1601 1657 quam
1635 1601 1714 1644 viri
1751 1603 1871 1646 fortis
1905 1617 1957 1646 ac
1989 1603 2133 1647 militis
2171 1603 2342 1646 lacertis
2376 1603 2648 1659 respondent.

228 1676 352 1722 Hunc
380 1678 498 1721 nulla
528 1678 609 1721 nisi
631 1688 794 1730 'magna
822 1682 864 1719 et
891 1676 1036 1732 gravia
1064 1677 1312 1719 ornamenta
1341 1672 1562 1729 decebant,
1593 1675 1661 1718 vel
1690 1676 1835 1730 procul
1874 1677 2101 1733 conspicua
2135 1680 2189 1730 et,
2228 1675 2265 1719 si
2299 1675 2386 1719 fors
2420 1675 2559 1732 ferret,
2590 1677 2650 1720 ad

228 1751 480 1794 irritandum
508 1752 813 1809 placandumve
842 1764 974 1807 aeque
1002 1755 1117 1805 apta.
1178 1748 1298 1799 Quae
1324 1760 1425 1791 vero
1454 1761 1481 1789 a
1509 1747 1679 1802 regibus
1709 1748 1818 1793 dono
1847 1750 2067 1807 dabantur,
2098 1752 2164 1796 vix
2194 1751 2293 1795 licet
2320 1749 2514 1806 dubitari,
2546 1751 2649 1808 quin

232 1839 317 1868 non
347 1826 483 1869 solum
513 1831 616 1881 arte,
648 1827 724 1871 sed
763 1831 888 1871 etiam
923 1824 1109 1881 pondere
1154 1822 1340 1876 insignes
1375 1822 1540 1865 fuerint.
1610 1821 1840 1879 Utrumque
1881 1830 1922 1868 et
1957 1825 2148 1880 pretium,
2186 1823 2296 1880 quod
2333 1823 2565 1876 habuerint,
2606 1830 2650 1869 et

235 1897 497 1954 magnitudo,
529 1914 653 1958 quam
685 1901 752 1945 vel
779 1900 923 1958 procul
953 1913 1006 1943 ex
1035 1897 1171 1942 altera
1200 1896 1386 1941 Danubii
1411 1896 1594 1941 fluminis
1622 1896 1716 1953 ripa
1746 1910 1916 1941 cernere
1950 1896 2100 1954 possis,
2129 1897 2301 1953 egregie
2331 1897 2467 1942 elucet
2496 1912 2549 1942 ex
2578 1898 2645 1943 his

229 1971 557 2027 Nibelungiadis
587 1975 728 2019 verbis
740 1978 791 2026 2³)

634 2049 699 2090 Do
729 2050 797 2103 gie
828 2062 874 2090 er
902 2048 1113 2101 (Hagene)
1143 2046 1188 2087 bi
1218 2045 1313 2087 dem
1343 2059 1508 2088 wazzer
1711 2046 1841 2089 hoher
1869 2060 1925 2088 an
1954 2046 2036 2088 den
2065 2048 2172 2097 sant,

633 2119 689 2161 da
721 2135 767 2163 er
792 2120 1095 2162 anderthalben
1300 2118 1395 2160 eine
1424 2118 1630 2174 herberge
1664 2125 1783 2165 vant.

634 2223 692 2263 Er
721 2222 914 2276 begunde
943 2222 1090 2263 ruoten
1293 2224 1414 2263 vaste
1440 2221 1545 2262 uber
1571 2220 1641 2262 die
1672 2221 1783 2263 fluot.

634 2297 700 2337 ‘nu
729 2296 799 2339 hol
826 2295 936 2338 mich
965 2294 1051 2347 hie,
1080 2294 1235 2346 verge,'
1439 2294 1594 2348 sprach
1623 2294 1699 2336 der
1727 2294 1865 2347 degen
1893 2280 2010 2348 gu⁰0t:

638 2370 698 2412 ‘so
727 2369 802 2425 gip
831 2369 901 2413 ich
930 2369 996 2413 dir
1026 2380 1074 2411 ze
1102 2366 1228 2411 miete
1433 2382 1516 2412 von
1551 2369 1680 2424 golde
1707 2369 1776 2413 ein
1805 2370 1911 2413 bouc
1939 2368 1998 2412 vil
2026 2371 2108 2413 rot:

631 2445 658 2486 a·
683 2443 737 2487 ist
765 2444 844 2487 mir
872 2443 984 2487 dirre
1014 2445 1138 2496 verte,
1343 2441 1424 2485 daz
1455 2442 1597 2497 wizze,
1626 2444 1881 2488 waerlichen
1907 2445 1991 2486 net.

631 2544 719 2589 Der
747 2559 875 2602 vergo
906 2559 997 2590 was
1026 2548 1074 2590 ss)
1104 2543 1238 2599 riche,
1443 2543 1523 2587 daz
1552 2543 1609 2587 im
1638 2544 1729 2589 niht
1756 2544 1911 2589 dienen
1939 2557 2053 2589 zam:

632 2618 688 2661 da
717 2633 794 2661 von
823 2633 869 2662 er
897 2620 968 2662 lon
995 2620 1055 2662 vil
1092 2618 1227 2662 selten
1432 2630 1515 2659 von
1548 2617 1686 2661 iemen
1714 2618 1772 2661 da
1799 2632 1976 2674 genam3

632 2693 737 2737 cuch
763 2695 906 2737 waren
935 2697 1028 2738 sine
1059 2691 1216 2736 knehte
1420 2690 1481 2733 vil
1516 2690 1625 2735 hohe
1653 2696 1832 2746 gemuot.

633 2766 714 2810 noh
744 2771 883 2811 stuont
919 2767 1029 2810 allez
1063 2765 1242 2820 Hagene
1445 2762 1516 2807 hie
1542 2762 1749 2821 dischalp’
1787 2764 1865 2810 der
1892 2766 2006 2811 fluot.

630 2867 697 2910 Do
726 2869 861 2911 ruotte
890 2881 936 2910 er
964 2869 1039 2911 mit
1066 2867 1143 2910 der
1172 2866 1322 2916 krefte,
1497 2864 1578 2910 daz
1605 2866 1648 2909 al
1677 2866 1754 2910 der
1783 2868 1881 2923 wag
1909 2867 2052 2925 erdoz,

631 2954 730 2985 wan
758 2941 833 2986 des
868 2941 1015 2987 heldes
1044 2942 1187 2986 sterke
1391 2951 1483 2982 was
1517 2939 1670 2985 michel
1693 2940 1805 2986 unde
1839 2943 1941 2998 groz

631 3017 699 3058 ‘nu
728 3015 796 3058 hol
826 3015 937 3060 mich
966 3015 1244 3072 Amelrichen,
1449 3014 1526 3059 des
1554 3014 1705 3059 herren
1734 3016 1864 3061 Elsen
1901 3031 2018 3075 man,

631 3089 707 3132 der
736 3102 818 3132 von
847 3089 967 3132 disen
995 3090 1149 3133 landen
1323 3107 1326 3111 ’
1353 3089 1483 3133 durch
1512 3091 1639 3144 groze
1668 3089 1908 3137 fintscheste
1937 3093 2111 3138 entran'.

222 3189 325 3196 —-

431 3233 459 3275 ¹)
484 3233 576 3265 Tota
598 3233 661 3264 hac
687 3232 923 3273 disputatione
948 3242 1023 3264 cuin
1048 3243 1159 3274 paene
1196 3235 1383 3266 domestica
1412 3238 1616 3274 tractemus,
1648 3235 1748 3268 liceat
1780 3244 2048 3270 commemorare
2072 3237 2191 3278 paucis
2215 3241 2294 3269 ante
2318 3236 2418 3269 annis
2441 3235 2645 3268 Eduardum

220 3280 427 3313 Jacobsium
450 3280 487 3311 in
510 3279 599 3310 libro
622 3287 726 3309 manu
751 3277 880 3318 scripto
905 3277 1130 3310 bibliothecae
1153 3277 1297 3310 Comitis
1321 3279 1473 3310 eiusdem
1497 3281 1691 3319 argumenti
1709 3290 1848 3312 carmen
1871 3283 2063 3322 repperisse
2086 3282 2223 3314 saeculo
2247 3286 2370 3322 quarto
2395 3281 2526 3312 decimo
2549 3290 2646 3312 com-

222 3325 386 3367 positum.
433 3323 525 3356 Vide
549 3323 623 3356 eius
647 3321 818 3355 libellum:
843 3320 908 3354 Die
931 3320 1117 3364 ehemalige
1142 3322 1471 3364 Biichersammlung
1494 3323 1669 3366 Ludwigs‚
1693 3323 1823 3358 Grafen
1847 3337 1888 3359 zu
1914 3324 2074 3368 Stolberg
2096 3326 2132 3359 in
2155 3326 2373 3368 Kiinigstein,
2396 3326 2467 3359 und
2490 3324 2646 3359 Mitthei-

219 3370 350 3411 lungen
378 3367 958 3456 zu{)dguteclheploevpllbd;chttgirilg
981 3377 1042 3444 anis
1065 3368 1323 3447 :einerlqp-it’theit·
1346 3369 1434 3399 nach
1462 3369 1923 3450 ἮετέἰςετοῆαΊςεΙειις-ωέ
1944 3371 2180 3450 Ιῆίαιιᾱιοὶιτὶῗ.
2225 3371 2408 3413 Wermget'
2409 3371 2474 3403 ode
2503 3373 2597 3402 1863.

521 3423 576 3448 esc
602 3423 632 3446 lc
740 3421 777 3445 er
825 3421 866 3444 eu
901 3421 918 3444 c
944 3421 986 3445 en
1044 3421 1188 3446 aiona-
1221 3423 1306 3447 iera
1323 3423 1363 3447 ur
1388 3421 1453 3446 von
1513 3439 1520 3446 .
1572 3440 1578 3446 .
1636 3440 1642 3447 .
1695 3414 1810 3448 'imur
1834 3420 1865 3451 9.
1926 3427 1949 3450 u
1974 3426 2038 3460 age
2061 3427 2094 3460 p.
2124 3420 2136 3450 1
2164 3443 2172 3451 .

425 3459 457 3500 ³)
483 3462 606 3491 Avent.
643 3459 756 3489 XXV.
