2862 3912
1375 57 1404 98 2

386 209 507 262 Quae
536 210 678 256 adhuc
715 211 852 256 minus
880 212 989 256 bene
1023 215 1268 267 comparata
1297 219 1389 259 erat
1428 229 1566 261 rerum
1604 213 1876 273 physicarum
1909 213 2121 270 supellex,
2168 214 2207 259 ei
2242 227 2353 259 nunc
2389 216 2602 271 provideri

185 288 384 339 coeptum
416 287 493 327 est.
551 284 706 327 Verum
737 289 779 327 et
806 284 889 339 ipsi
916 289 1213 340 praeceptores
1242 295 1415 344 propter
1450 290 1659 346 insignem
1697 299 1866 332 suarum
1897 298 2034 329 rerum
2069 298 2211 330 curam
2247 285 2490 332 Celsissimo
2529 302 2602 345 pa-

176 364 313 413 trono,
341 364 388 401 ut
417 362 518 402 ante
547 359 781 400 litterarum
808 359 981 400 secreta·
1010 357 1151 406 (liceat
1180 360 1319 404 Taciti
1345 363 1487 407 verbis
1523 362 1612 416 uti),
1641 361 1704 403 ita
1731 372 1841 402 nunc
1877 358 1921 401 in
1948 358 2041 402 luce
2076 358 2246 415 publica
2277 358 2437 413 gratias
2472 374 2603 416 agere

178 431 395 476 debemus.
454 433 552 476 Jam
581 431 741 486 pridem
771 444 851 474 nec
880 429 1015 473 solum
1044 431 1122 475 hoc
1151 432 1254 488 loco,
1286 433 1363 478 sed
1389 435 1543 493 ubique
1583 437 1903 491 praeceptorum
1943 431 2219 488 omniumque,
2261 431 2332 489 qui
2360 434 2603 480 muneribus

170 506 354 561 publicis
381 508 667 559 fungerentur,
700 504 859 547 salaria
887 518 1031 548 annua
1059 506 1183 550 nimis
1213 514 1395 564 angusta
1424 523 1518 553 esse
1547 507 1777 551 constabat.
1828 507 1964 551 Nobis
1994 507 2161 564 quidem
2196 507 2278 551 iam
2308 506 2373 549 bis
2403 509 2519 551 terve
2546 522 2600 552 ea

175 583 303 622 aucta
331 591 425 622 esse
454 579 633 622 libenter
661 583 704 622 et
727 592 891 622 summa
927 592 1019 622 cum
1049 580 1190 634 gratia
1218 581 1400 625 confessi
1429 593 1592 636 sumus;
1623 593 1730 637 quae
1759 594 1860 624 vero
1888 580 2043 637 ubique
2071 584 2137 623 est
2165 580 2347 655 vinium
2374 593 2510 623 rerum
2540 583 2599 626 ad

185 654 320 697 vitam
350 651 667 698 sustentandam
696 652 1031 696 necessariarum
1061 653 1229 711 caritas,
1261 669 1313 700 ea
1340 654 1545 712 paulatim
1565 660 1607 699 et
1637 655 1703 699 hic
1731 654 1817 698 iam
1846 652 1983 709 magis
2020 652 2166 697 sentiri
2198 657 2349 710 coepta
2376 658 2452 699 est.
2520 655 2597 700 Cui

180 727 244 769 rei
274 726 501 782 providens
537 739 649 769 anuo
679 727 870 782 proximo
898 732 1101 782 patronus
1130 733 1449 785 praeceptorum
1485 728 1643 771 reditus
1676 729 1734 771 ita
1763 732 1892 784 auxit,
1932 733 1977 770 ut
2013 729 2093 770 hac
2129 726 2290 769 ratione
2325 728 2595 783 gymnasium

179 805 364 843 nostrum
395 813 449 842 ne
477 800 625 853 Regiis
653 802 822 855 quidem
857 802 993 844 cedat.

378 869 465 914 Sed
495 870 539 914 in
570 870 767 918 laudibus
797 873 978 919 fortasse
1006 874 1091 918 iam
1121 874 1272 918 nimius
1302 874 1431 919 fuisse
1460 874 1620 930 videar,
1651 875 1745 930 nisi,
1775 887 1859 931 qua
1887 878 2026 919 aetate
2054 875 2222 931 plurimi
2251 876 2338 920 suis
2360 879 2486 924 rebus
2512 896 2595 926 non

179 945 364 988 contenti
394 945 505 989 alias
535 960 703 1003 semper
732 952 944 1003 expetant,
975 948 1203 1004 permultos
1231 961 1314 991 non
1343 949 1454 991 male
1483 948 1592 991 terre
1622 948 1750 992 talem
1779 949 2177 1006 magniloquentiam
2207 949 2453 995 existimem.
2488 954 2596 1006 Quis

176 1023 402 1073 praeterea
431 1034 516 1063 non
547 1021 725 1065 libenter
753 1022 863 1065 ferat
891 1021 1025 1063 civem
1054 1020 1228 1063 laudare
1258 1025 1300 1062 et
1329 1033 1586 1073 exaggerare
1615 1034 1733 1081 suam
1763 1024 1955 1079 quamvis
1983 1023 2038 1066 sit
2067 1022 2216 1075 exigua
2242 1023 2455 1069 civitatem
2470 1028 2492 1069 Ῥ
2520 1029 2589 1072 Li-

175 1095 272 1135 ceat
300 1092 428 1148 igitur
465 1094 592 1138 etiam
630 1094 674 1137 in
718 1095 1019 1139 conscribenda
1056 1095 1137 1139 hac
1164 1094 1459 1138 dissertatione
1495 1107 1572 1137 nos
1607 1094 1819 1140 continere
1854 1096 1916 1141 eis
1951 1097 2039 1140 fere
2078 1095 2307 1140 rationibus
2341 1099 2588 1159 finibusque,

170 1165 323 1222 quibus
352 1165 421 1208 hic
451 1166 752 1224 circumscripti
789 1182 944 1213 sumus.

376 1241 658 1295 Archaeologi
688 1242 782 1298 quis
815 1242 948 1286 nescit
984 1244 1183 1298 quantum
1219 1241 1369 1284 studiis
1396 1241 1483 1284 suis
1513 1243 1761 1286 contulerint
1790 1243 1846 1286 ad
1873 1243 2142 1286 illustrandos
2169 1244 2394 1299 scriptores
2424 1252 2589 1293 veteres

172 1322 215 1360 et
246 1315 304 1360 ad
333 1328 400 1358 res
431 1313 627 1370 antiquas
656 1314 808 1358 rectius
838 1314 1182 1369 cognoscendas?
1231 1314 1341 1364 Quot
1369 1314 1485 1368 locis,
1519 1315 1561 1357 in
1583 1317 1734 1371 quibus
1760 1318 2009 1373 interpretes
2029 1318 2271 1373 haerebant,
2302 1321 2454 1378 quique
2480 1323 2590 1367 diffi-

173 1390 342 1434 ciliores
369 1387 625 1443 videbantur,
657 1389 791 1432 lucem
820 1389 1045 1433 afferentes
1074 1401 1271 1443 summas,
1312 1401 1420 1444 quae
1447 1392 1575 1431 antea
1612 1389 1790 1444 fuerant,
1835 1391 2137 1446 expediverunt
2165 1392 2462 1438 difficultates?
2519 1398 2587 1440 Ad

178 1478 289 1521 quae
318 1461 458 1507 studia
487 1462 772 1516 promovenda
802 1464 902 1519 quid
942 1464 1039 1519 plus
1081 1463 1221 1506 valere
1256 1459 1580 1504 existimandum
1620 1467 1685 1505 est
1719 1469 2075 1507 monumentorum
2110 1466 2315 1522 frequenti
2355 1468 2588 1524 adspectu?

173 1540 230 1583 At
260 1538 361 1582 haec
391 1534 489 1593 quia
520 1535 633 1578 haud
661 1537 802 1581 multis
831 1538 933 1583 locis
964 1551 1058 1582 esse
1086 1539 1273 1593 possunt,
1304 1547 1382 1578 neo
1411 1532 1566 1590 ubique
1596 1534 1670 1579 illa
1700 1534 1859 1591 florent,
1890 1550 1968 1580 nec
2008 1537 2087 1581 hac
2126 1537 2168 1580 in
2206 1540 2308 1584 urbe
2333 1555 2474 1587 eorum
2502 1557 2587 1587 um-

172 1626 299 1668 quam
330 1611 494 1652 fuerunt
520 1611 712 1664 vestigia.
772 1613 858 1656 Sed
888 1612 1002 1655 aliud
1032 1616 1097 1655 est
1125 1609 1431 1664 investigandis
1466 1610 1743 1653 monumentis
1769 1610 1952 1667 antiquis
1981 1612 2240 1668 repertisque
2269 1616 2422 1660 rectius
2451 1617 2584 1672 expli-

173 1685 321 1728 candis
353 1682 406 1725 de
436 1681 501 1725 his
531 1684 680 1728 studiis
708 1691 749 1729 et
779 1686 928 1730 litteris
957 1685 1064 1728 bene
1094 1682 1256 1732 mereri,
1288 1681 1404 1723 aliud
1433 1681 1615 1736 receptis
1644 1681 1718 1735 eis,
1748 1696 1856 1738 quae
1886 1683 1959 1726 alii
1989 1687 2260 1740 reppererint,
2294 1688 2496 1733 delectari
2523 1703 2587 1732 re·

171 1756 432 1812 colendoque
462 1756 602 1801 animo
632 1758 760 1803 vitam
802 1762 978 1806 reddere
1017 1756 1314 1802 iucundiorem.
1392 1753 1578 1797 Alterum
1619 1754 1709 1798 fieri
1743 1769 1827 1799 non
1865 1757 1982 1812 solet,
2019 1757 2099 1801 nisi
2139 1758 2182 1801 iu
2210 1759 2306 1816 ipsa
2336 1761 2516 1806 Graecia
2546 1768 2588 1806 et

167 1832 296 1875 Italia
325 1835 398 1873 aut
427 1831 499 1874 ubi
539 1845 696 1887 magna
734 1839 1089 1878 monumentorum
1127 1827 1343 1883 congeries
1379 1831 1443 1869 est
1479 1830 1520 1869 et
1559 1827 1820 1871 abundantia
1859 1829 1958 1873 inde
1994 1831 2233 1889 allatorum3
2276 1835 2452 1879 alterum
2489 1836 2586 1880 licet

171 1905 299 1947 etiam
329 1904 490 1946 minore
519 1905 562 1946 in
593 1906 727 1961 copia,
759 1912 1007 1962 suppetente
1036 1911 1177 1948 tamen
1207 1902 1263 1943 ad
1293 1901 1476 1942 animum
1507 1900 1826 1944 informandum.
1869 1903 1983 1947 Satis
2011 1904 2119 1947 enim
2150 1907 2293 1949 valent
2321 1907 2378 1950 ad
2407 1907 2585 1963 pulchri-

173 1977 332 2019 tudinis
362 1989 531 2019 sensum
562 1977 604 2019 in
625 1979 777 2023 animis
807 1980 1136 2025 adulescentium
1166 1974 1429 2020 excitandum
1458 1973 1720 2029 antiquorum
1751 1974 2017 2018 artificiorum
2047 1976 2312 2023 imitationes.

366 2052 403 2094 A
434 2050 610 2094 Graecis
630 2057 782 2107 autem,
803 2055 960 2110 populo
989 2054 1046 2097 ad
1074 2046 1424 2109 pulchritudinem
1444 2050 1659 2103 artemque
1690 2052 1802 2102 nato,
1834 2062 1917 2092 non
1936 2050 2082 2104 solum,
2110 2063 2218 2106 quae
2245 2052 2287 2094 in
2318 2054 2467 2098 litteris
2496 2055 2589 2110 pul--

168 2123 282 2177 chra,
315 2124 390 2167 sed
427 2124 554 2166 etiam
584 2138 692 2182 quae
720 2125 764 2167 in
794 2126 954 2170 artibus
983 2141 1145 2172 summa
1174 2132 1216 2171 et
1244 2119 1554 2176 perfectissima
1583 2120 1809 2164 iudicanda
1847 2120 1941 2176 sint,
1974 2121 2160 2168 discitur.

970 2201 1110 2244 Graiis
1140 2195 1369 2255 ingenium,
1402 2193 1542 2240 Graiis
1574 2195 1691 2238 dedit
1719 2208 1791 2238 ore
1821 2195 1996 2239 rotundo

966 2276 1087 2320 Musa
1125 2265 1239 2332 loqui
1268 2277 1436 2330 praeter
1465 2272 1633 2315 laudem
1661 2269 1815 2313 nullius
1842 2269 1996 2314 avaris.

369 2346 455 2389 Sed
486 2347 719 2391 habeamus
748 2363 921 2392 necesse
949 2354 1024 2405 est,
1056 2350 1206 2407 quibus
1235 2347 1552 2393 considerandis
1581 2360 1664 2388 non
1698 2344 1831 2388 solum
1860 2344 1977 2386 illum
2007 2359 2175 2390 sensum
2204 2350 2246 2391 in
2276 2351 2396 2394 uobis
2425 2351 2578 2394 excite-

157 2432 264 2474 mus,
297 2420 373 2463 sed
404 2421 530 2463 etiam
561 2423 744 2464 animum
773 2436 1015 2468 revocemus
1044 2439 1071 2467 a
1100 2425 1243 2480 pravis
1272 2423 1393 2466 huius
1422 2421 1576 2465 aetatis
1605 2419 1755 2463 studiis
1784 2430 1919 2473 eaque
1945 2421 2231 2477 perversitate,
2262 2437 2370 2480 quae
2391 2423 2575 2479 quotidie

164 2492 305 2546 magis
333 2492 377 2535 in
408 2494 520 2536 omni
556 2494 669 2538 vitae
704 2496 816 2539 cultu
850 2498 1170 2552 percrebrescit,
1211 2495 1415 2552 imprimis
1453 2499 1696 2549 statuarum,
1737 2505 2008 2548 gemmarum,
2047 2507 2241 2537 vasorum
2280 2495 2579 2554 signorumque>

155 2567 341 2609 omnium
371 2566 637 2613 imitationes.
699 2569 818 2619 Quae
846 2582 1098 2627 quamquam
1126 2572 1194 2615 vel
1223 2571 1267 2612 in
1296 2569 1526 2612 minoribus
1555 2566 1790 2622 gymnasiis
1819 2570 1861 2608 et
1890 2566 2056 2621 oppidis
2087 2568 2405 2624 conspiciuntur,
2436 2570 2578 2612 adhuc

154 2644 270 2699 apud
300 2657 377 2686 nos
407 2643 713 2687 desiderantur.
752 2645 806 2685 At
834 2657 914 2685 non
942 2645 984 2685 si
1008 2644 1115 2685 male
1142 2658 1259 2693 nune,
1293 2651 1334 2685 et
1363 2644 1459 2685 olim
1488 2641 1547 2683 sic
1577 2643 1674 2685 erit.
1724 2640 1905 2693 Sperare
1935 2639 2033 2683 licet
2062 2654 2088 2683 a
2119 2641 2302 2696 benigna
2330 2642 2406 2685 illa
2433 2654 2573 2698 manu,

153 2732 264 2775 quae
290 2722 410 2761 tanta
439 2717 483 2759 in
513 2729 590 2760 nos
620 2714 765 2758 effudit
793 2715 1009 2770 beneficia,
1041 2716 1167 2760 etiam
1207 2716 1313 2760 haec
1353 2715 1582 2772 aliquando
1612 2713 1734 2758 nobis
1779 2713 1909 2758 affore
1939 2713 2170 2759 studiorum
2199 2715 2453 2760 adiumenta.

353 2792 444 2834 Iam
484 2803 586 2833 vero
615 2790 737 2832 adest
763 2801 895 2844 prope
924 2791 1069 2834 urbem
1101 2802 1238 2834 rerum
1267 2789 1532 2845 antiquarum
1576 2786 1710 2842 copia,
1747 2799 1873 2843 quam
1907 2787 2060 2831 adesse
2089 2789 2207 2831 multi
2242 2789 2323 2832 viri
2352 2787 2463 2831 docti
2492 2801 2575 2832 nec·

157 2865 492 2921 suspicabantur,
525 2871 566 2909 et
603 2878 693 2908 cum
724 2863 1032 2919 cognovissent,
1083 2865 1208 2919 longe
1248 2861 1606 2918 exspectationem
1643 2874 1867 2916 superasse
1900 2861 2081 2916 ingenue
2119 2861 2373 2905 fatebantur.
2449 2862 2568 2914 Quae

149 2939 317 2997 quidem
348 2951 431 2980 non
460 2937 656 2980 cohaeret
686 2950 777 2981 cum
808 2942 898 2981 arte
929 2938 1180 2981 Graecorum
1211 2940 1253 2980 et
1282 2936 1575 2991 Romanorum,
1616 2935 1704 2987 sed,
1740 2935 1863 2993 quod,
1900 2935 1970 2992 qui
1999 2934 2213 2990 ingenium
2242 2947 2461 2993 moresque
2491 2938 2571 2982 Co·-

146 3015 291 3057 mitum
318 3012 676 3063 Stolbergensium
705 3012 986 3065 cognoverint,
1017 3024 1099 3053 non
1127 3011 1400 3063 mirabuntur,
1431 3009 1487 3052 ad
1519 3012 1823 3054 Germanorum
1852 3010 2144 3066 antiquitatem
2173 3009 2365 3063 pertinet.
2407 3010 2564 3065 Magna

147 3102 239 3131 cum
271 3100 369 3131 cura
399 3091 441 3130 et
470 3084 678 3129 industria
708 3098 802 3128 eam
831 3085 1061 3140 collegerat
1091 3083 1354 3129 Christianus
1390 3081 1634 3126 Fridericus
1663 3082 1933 3127 Bernhardus
1976 3080 2245 3136 Augustinus,
2276 3081 2406 3138 Lycei
2432 3084 2563 3128 nostri

145 3161 357 3219 quondam
386 3160 570 3216 optimae
600 3157 690 3215 spei
709 3157 914 3212 alumnus,
945 3159 1014 3215 qui
1045 3172 1135 3203 cum
1158 3156 1340 3213 egregiis
1367 3154 1517 3199 studiis
1537 3167 1720 3199 summos
1748 3154 1792 3198 in
1821 3155 2110 3210 theologorum
2137 3154 2570 3212 philosophorumque-

142 3235 361 3278 ordinibus
387 3233 565 3276 honores
595 3233 774 3288 adeptus
803 3238 925 3286 esset,
957 3233 1010 3275 de
1039 3233 1188 3275 litteris
1219 3231 1376 3286 optime
1406 3228 1580 3273 meritus
1626 3242 1738 3272 anno
1774 3228 1895 3271 huius
1934 3227 2092 3271 saeculi
2124 3227 2220 3270 LVI
2259 3228 2559 3284 Halberstadii,

144 3309 215 3351 ubi
244 3308 341 3364 plus
372 3307 679 3363 quinquaginta
705 3320 837 3349 annos
866 3307 987 3350 aedis
1018 3307 1163 3349 Sancti
1193 3305 1399 3361 Stephani
1427 3304 1566 3346 fuerat
1586 3304 1776 3358 antistes,
1808 3315 1971 3346 summa
2001 3301 2045 3343 in
2075 3306 2287 3346 senectute
2316 3303 2429 3346 diem
2457 3303 2560 3346 obiit

143 3395 402 3438 supremum.
465 3381 584 3423 Hanc
615 3381 780 3435 copiam
812 3385 1006 3437 quattuor
1035 3379 1188 3422 abhinc
1216 3393 1350 3423 annos
1387 3382 1571 3434 emptam
1599 3377 1731 3421 Botho
1768 3376 1918 3420 Comes
1954 3374 2134 3418 Illustris
2161 3374 2560 3430 Stolbergo-Werni-

141 3455 383 3509 gerodanus
414 3453 746 3508 Wernigerodae
776 3458 819 3497 et
848 3467 941 3498 esse
971 3456 1012 3496 et
1041 3450 1242 3507 prodesse
1273 3450 1429 3495 voluit·
1465 3451 1586 3496 Licet
1614 3450 1741 3505 igitur
1769 3463 1853 3494 non
1881 3448 1936 3494 sit
1955 3448 2182 3494 verisimile
2211 3448 2268 3492 ad
2297 3447 2560 3506 antiquorum
