2862 3912
1446 40 1489 85 7'5

248 194 547 243 'Medericlfii
561 200 770 261 industria
778 198 996 253 restituta,
1016 198 1101 253 qui,
1123 209 1207 253 qua
1225 201 1317 240 arte
1334 199 1695 243 fractabominum
1711 198 1899 241 membra
1910 199 2321 257 variaque-eorporis
2341 199 2511 244 humani
2524 199 2683 243 menda

246 270 454 317 ”nonina
481 279 606 319 sanat
634 280 678 320 et
697 271 906 327 configit„
920 270 1070 315 cidem
1096 283 1292 316 vasorum
1313 273 1509 318 fictilium
1532 273 1716 317 disiecta
1748 272 1936 316 membra
1954 286 2136 316 <summa
2169 274 2402 328 sagacitate
2439 280 2484 317 et
2510 272 2680 316 investi-

266 352 371 401 gare
397 350 440 391 et
466 348 655 395 conferre
684 353 727 394 et
756 343 1045 401 conglutinare
1072 343 1191 389 solet.
1246 346 1297 392 Si
1324 363 1425 394 vero
1455 346 1629 392 nimium
1654 341 1784 391 deest
1798 381 1809 400 ,
1839 350 1885 389 ut
1914 361 1961 390 ex
2004 345 2091 390 suis
2115 346 2376 403 tfragmentis
2410 363 2487 391 vas
2515 345 2678 392 tostini

247 420 520 475 *non‘possit
554 426 710 476 tamen,
740 418 964 464 dummodo
992 418 1097 462 satis
1125 432 1323 475 maguum
1352 422 1534 479 supersit
1548 422 1851 477 fragmentum,
1882 410 2031 465 saltem
2045 410 2236 464 *formam
2265 421 2382 464 vasis
2409 418 2599 473 restituit,
2620 423 2676 461 -ut

261 492 491 545 genuinam
526 508 621 538 eam
655 505 750 537 csse
778 491 1161 535 mathematicorum
1188 495 1326 550 possis
1354 493 1565 539 affirmare
1581 493 1760 537 *fiducia
1790 493 1944 537 Omnia
1973 499 2114 538 nostra
2132 508 2238 538 vasa
2257 494 2403 538 fictilia
2431 494 2532 548 quin
2558 496 2679 536 cocta

244 565 429 621 ‘fuerint,
451 567 831 621 ‘dubitari‘nequit
888 566 1020 609 Multa
1048 569 1215 621 quidem
1245 569 1416 613 saecula
1448 568 1527 612 sub
1556 568 1682 611 humo
1705 568 1892 611 humore
1932 567 2093 610 mollita
2127 568 2208 611 nisi
2244 581 2406 612 summa
2446 579 2538 609 cum
2577 577 2677 609 cura

245 637 528 696 effodiuntur,
545 640 685 685 ¹facile
711 640 965 685 dilabuntur.
1005 641 1111 685 ”Sed
1131 646 1251 686 caute
1280 642 1448 687 sublata
1476 648 1519 687 et
1548 643 1742 687 abstersa
1780 644 1874 698 ipso
1902 656 2002 686 aere
2033 643 2257 686 durescunt
2281 641 2587 697 pristinamque
2614 653 2676 684 re-

262 712 423 768 cipiunt
439 713 701 772 firmitatem,
732 720 778 759 ut
800 714 995 771 plurimis
1023 727 1177 770 eorum,
1219 728 1327 773 quae
1356 730 1465 762 nunc
1493 717 1537 760 in
1566 729 1644 763 usu
1673 719 1781 771 sunt,
1809 729 1890 760 non
1922 716 2094 759 multum
2124 721 2198 759 aut
2225 714 2328 758 nihil
2357 714 2525 758 cedant.
2556 714 2677 759 For-

256 785 423 829 ›mis2ac
439 789 752 844 magnitudine,
780 802 874 832 cum
897 789 967 831 *ad
1003 790 1163 832 varium
1202 791 1411 835 hominum
1449 805 1569 835 nsum
1599 791 1807 846 adaptata
1847 792 1941 845 sint,
1980 802 2238 846 magnopere
2277 790 2386 831 inter
2419 801 2465 830 se
2493 789 2674 840 distant;

265 858 585 914 pulchritudinis
613 861 703 904 alia
731 863 828 906 aliis
855 863 990 906 maius
1018 863 1198 906 studium
1228 864 1426 908 indicant.
1497 867 1642 919 Longe
1679 865 1849 920 quidem
1886 866 2048 918 absunt¹
2066 863 2122 904 ab
2159 869 2253 903 arte
2278 862 2547 913 Graecorum,
2578 873 2676 916 quo-

261 942 354 973 rum
384 945 407 975 e
436 933 551 977 vasis
580 934 783 991 omnibus,
816 936 906 980 sive
934 935 991 979 ad
1015 935 1143 981 decus
1169 941 1277 992 sunt,
1306 942 1353 980 ut
1387 941 1449 983 ait
1475 940 1704 996 apostolus,
1737 937 1829 981 sive
1856 935 1914 979 ad
1952 936 2150 990 dedecus,
2181 935 2316 979 elucet
2355 933 2680 989 pulchritudinis

263 1004 459 1047 studium.
517 1007 572 1049 At
596 1021 674 1052 nos
702 1023 755 1053 ne
784 1023 893 1053 nunc
932 1009 1099 1066 quidem
1119 1008 1368 1063 pulchriora
1400 1025 1507 1056 vasa
1534 1012 1758 1066 habemus;
1798 1011 1925 1054 immo
1962 1014 2136 1066 propter
2170 1008 2482 1065 simplicitatem
2511 1013 2554 1051 et
2582 1021 2676 1062 gra-

261 1078 349 1118 tam
381 1079 593 1133 quandam
622 1088 881 1126 venustatem
908 1084 983 1127 illa
1011 1085 1147 1139 magis
1172 1087 1341 1141 placere
1370 1086 1536 1129 debent.

463 1171 593 1214 Multo
638 1173 806 1228 quidem
837 1175 979 1230 *magis
1016 1189 1142 1233 qnam
1182 1177 1328 1220 fictilia
1363 1190 1469 1220 vasa
1504 1179 1639 1218 aenea
1674 1174 1816 1217 oculos
1856 1173 1899 1215 in
1936 1186 1983 1216 se
2019 1175 2278 1216 convertunt.
2359 1174 2446 1218 Sed
2478 1175 2673 1232 quoniam

262 1251 405 1285 eorum
434 1245 549 1300 apud
573 1247 764 1290 Tacitum
792 1245 961 1309 mentio:
976 1250 1021 1293 fit
1047 1251 1185 1303 nulla,
1214 1255 1477 1299 transeamus
1495 1248 1570 1290 ‘ad
1602 1264 1733 1306 arma,
1770 1250 1825 1291 de
1857 1246 2010 1303 quibus
2038 1260 2129 1288 cum
2161 1248 2257 1290 aliis
2288 1250 2541 1293 Germaniae
2570 1252 2675 1296 locis

261 1312 509 1374 disputatur,
526 1323 618 1362 tum.
640 1321 683 1363 in
713 1322 852 1377 capite
880 1322 951 1365 VI.
982 1323 1087 1366 haec
1110 1321 1351 1366 tradunturz'
1390 1322 1458 1364 Ne
1483 1323 1645 1379 ferrum
1665 1322 1826 1380 quidem
1854 1329 2053 1378 superest,
2101 1322 2206 1364 sicut
2231 1337 2305 1381 ea·-
2315 1338 2471 1380 qenere
2499 1326 2672 1369 telorum

259 1388 481 1445 colliqitur.
540 1394 648 1435 Rari
656 1396 814 1449 qladz'is
841 1404 911 1437 aut
939 1397 1159 1438 maioribus
1188 1398 1341 1437 lanceis
1364 1404 1545 1438 utuntur.
1614 1395 1765 1439 Hasta-s·
1793 1397 1859 1436 vel
1884 1397 2067 1452 ipsorum
2095 1395 2288 1438 vocabulo
2313 1398 2501 1451 frameas
2525 1408 2677 1454 φιν-ειη(

259 1468 432 1515 unqu-sto
461 1472 502 1506 et
524 1467 642 1510 brevi
662 1470 796 1526 ferro,
823 1472 900 1513 sed
926 1474 985 1512 ita
1013 1473 1108 1512 aon·
1133 1478 1176 1512 et
1203 1471 1261 1512 ad
1287 1485 1399 1512 mum
1428 1471 1566 1522 habili,
1600 1477 1646 1511 ut
1673 1470 1813 1512 eodem
1835 1471 1929 1519 telo,
1957 1477 2086 1526 prout
2114 1472 2226 1511 ratio
2240 1472 2385 1527 poscit,
2418 1474 2485 1513 vel
2498 1476 2678 1516 eomimae

256 1533 326 1575 vel
358 1539 511 1581 eminus
543 1552 739 1599 puqnent.
810 1546 873 1588 Et
903 1560 1022 1601 eques
1049 1544 1210 1600 quidem
1236 1552 1348 1586 scuto
1373 1547 1615 1600 frameaque
1643 1553 1855 1588 contentus
1879 1552 1951 1596 est,
1997 1544 2159 1594 pedites
2189 1551 2232 1583 et
2257 1545 2429 1584 missilia
2458 1555 2673 1602 spargunt.

252 1607 460 1666 pluraque
488 1615 643 1672 oe'nquli
667 1623 787 1673 atque
815 1619 858 1658 in
888 1619 1118 1660 immensum
1147 1618 1312 1660 m'brant
1338 1619 1441 1661 nudi
1475 1626 1548 1661 aut
1570 1619 1714 1675 ⁸⁰9¹¹l⁰
1745 1620 1863 1661 leves.
1922 1618 2052 1660 Nulla
2072 1617 2204 1658 cultus
2226 1619 2409 1667 iactatio,
2442 1626 2555 1660 scum
2584 1627 2674 1661 tan-

236 1685 342 1721 ·lum
370 1682 598 1730 leem-sinuli·
623 1691 826 1733 coloribus
853 1690 1119 1748 dntinquunt.
1179 1692 1327 1735 Pauo-12⁵·
1356 1694 1521 1743 lomene,
1555 1694 1628 1734 viz·
1654 1695 1730 1734 uni
1753 1692 1927 1734 alter-ive
1954 1692 2081 1732 cassele
2108 1697 2183 1732 aut
2204 1692 2343 1748 galea.

461 1782 634 1829 Ferrum
655 1782 874 1841 quondam
903 1796 987 1826 non
1015 1783 1273 1840 superfuisse
1303 1781 1536 1836 Germanis,
1563 1781 1633 1837 qni
1663 1794 1717 1824 ne
1746 1780 1826 1824 hae
1852 1779 2022 1837 quidem
2061 1785 2203 1826 aetate
2233 1782 2372 1827 ferrea
2401 1796 2450 1826 ex
2480 1783 2673 1827 omnibus

259 1854 562 1901 suisferrariis
590 1856 672 1900 sibi
695 1856 942 1906 satisfacere
970 1859 1155 1912 possunt,
1187 1856 1264 1900 sed
1291 1855 1462 1900 aliunde
1497 1859 1724 1911 apportare
1753 1860 1984 1910 coguntur,
2025 1856 2201 1912 antiqua
2229 1861 2374 1900 nostra
2403 1862 2671 1912 monumenta

258 1928 519 1984 perlustrans
549 1930 674 1976 facile
702 1929 778 1973 tibi
803 1931 1079 1986 persuaseris.
1137 1931 1248 1975 Nam
1277 1933 1313 1975 si
1339 1929 1601 1986 lapideorum
1634 1930 1940 1985 acneorumque
1976 1930 2343 1982 instrumentorum
2381 1932 2547 1987 copiam
2576 1947 2671 1978 cum

254 2001 404 2045 ferreis
431 2005 755 2059 comparaveris,
788 2017 846 2049 ea,
869 2017 1082 2060 perpauca
1097 2006 1239 2053 'fuisse
1269 2005 1477 2048 coniicies.
1545 2003 1601 2044 At
1629 2005 1803 2055 constat,
1835 2015 1928 2046 cum
1956 2017 2031 2047 aes
2054 2004 2178 2060 eique
2205 2003 2385 2059 lapides,
2416 2004 2568 2059 quibus
2592 2019 2671 2060 pro

256 2077 541 2121 instrumentis
571 2077 631 2120 uti
660 2077 863 2131 solebant,
893 2078 962 2122 vel
984 2077 1275 2130 innumerabili
1304 2089 1505 2121 annorum
1532 2074 1643 2118 serie
1677 2088 1760 2118 non
1790 2075 2022 2130 deleantur,
2068 2076 2236 2130 ferrum,
2268 2076 2311 2118 ni
2340 2090 2497 2121 caveas
2526 2078 2668 2122 humo-

257 2164 429 2214 remque
458 2164 613 2205 arceas,
646 2150 832 2204 robigine
862 2152 1046 2194 consumi
1075 2156 1118 2195 et
1144 2150 1347 2208 paulatim
1376 2161 1513 2206 paene
1542 2160 1809 2191 evanescere.
1868 2149 1955 2194 Sed
1984 2150 2150 2194 etiamsi
2181 2150 2260 2193 hoc
2287 2163 2453 2207 quoque
2482 2166 2567 2195 non
2595 2166 2666 2196 ne·

250 2225 453 2281 glexeris,
492 2237 690 2278 magnam
725 2224 824 2267 ferri
861 2224 1075 2279 penuriam
1117 2225 1246 2268 fuisse
1274 2238 1356 2267 non
1386 2222 1575 2276 negabis.
1652 2220 1686 2261 Ε
1727 2221 1822 2264 telis
1859 2228 1997 2267 antem
2040 2224 2275 2267 Germanos
2315 2238 2443 2281 quam
2480 2226 2664 2270 maxime

249 2299 422 2344 frameis
446 2312 544 2343 usos
573 2311 668 2342 esse
697 2303 740 2340 et
766 2298 845 2342 hoc
864 2299 955 2343 loco
984 2305 1026 2343 et
1053 2300 1150 2343 aliis
1179 2300 1282 2343 satis
1301 2299 1347 2341 fit
1366 2296 1654 2352 perspicuum3
1684 2296 1761 2340 cfr.
1793 2312 1885 2352 cap.
1908 2298 1984 2339 XI.
2007 2297 2124 2339 XIII.
2146 2298 2282 2339 XIIII.
2306 2298 2454 2339 XVIII.
2474 2298 2664 2341 XXIIII.

250 2373 411 2417 Ferrea
439 2371 627 2416 frameae
657 2373 798 2428 cuspis
826 2372 870 2416 in
908 2374 1051 2418 Museo
1093 2379 1233 2419 nostro
1268 2384 1352 2416 una
1387 2374 1546 2414 tantum
1571 2374 1782 2434 servatur,
1824 2370 1928 2413 satis
1963 2369 2039 2412 illa
2075 2369 2196 2412 firma
2230 2369 2399 2426 quidem
2436 2377 2478 2414 et
2511 2371 2664 2425 solida,

248 2447 420 2490 minime
448 2450 590 2489 tamen
616 2446 791 2501 pulchra
820 2450 862 2489 et
890 2446 1085 2490 formosa.
1158 2446 1331 2490 Ceteras
1359 2455 1521 2499 quoque
1558 2442 1741 2485 frameas
1782 2442 1942 2485 ferreas
1978 2443 2136 2485 similes
2161 2443 2318 2497 fuisse,
2359 2444 2515 2488 idcireo
2552 2444 2663 2487 affir-

249 2534 366 2565 mare
385 2519 526 2573 nolim,
558 2519 681 2576 quod,
705 2532 786 2575 quo
815 2518 1056 2565 minutiores
1073 2523 1122 2564 ‚ct
1149 2516 1456 2565 artificiosiores
1492 2521 1631 2571 erant,
1659 2529 1711 2559 eo
1742 2515 1909 2559 facilius
1937 2517 2322 2571 corrumpebantur.
2395 2517 2662 2562 Pulchriores

245 2600 342 2642 sunt
373 2596 549 2647 aeneae,
578 2605 602 2636 e
623 2591 773 2649 quibus
801 2606 1045 2651 una;prope
1073 2591 1401 2639 silvam-Sancti.
1416 2590 1501 2634 Viti
1526 2590 1583 2634 ad
1612 2590 1762 2636 collem
1790 2590 2104 2637 Koehlerbrink
2132 2596 2303 2647 ‚reperta
2332 2597 2412 2637 est.
2489 2594 2663 2649 Magno-

245 2682 349 2724 pere
377 2667 486 2709 inter
514 2679 561 2708 se
588 2666 797 2720 differunt,
827 2667 964 2711 minus
992 2666 1323 2724 quidnmvxforma
1338 2665 1458 2711 aciei
1486 2670 1528 2708 et
1556 2663 1858 2718 magnitudine,
1890 2676 2023 2721 qnam
2037 2669 2284 2720 ,quaparte
2314 2665 2539 2713 hastilibus
2569 2670 2661 2713 alli-

244 2742 467 2797 gabantur.
531 2739 587 2779 At
614 2739 870 2793 perobscura
884 2739 1468 2794 «en-diffieilisost-quaostio
1497 2738 1550 2781 de
1570 2738 1743 2788 frameis
1771 2737 1917 2792 eisque
1943 2738 2242 2792 instrumentis,
2275 2752 2385 2795 quae
2413 2741 2660 2800 plerumque

243 2815 326 2860 hoc
360 2812 525 2860 nomine
565 2817 781 2865 notantur,
833 2827 967 2871 neque
1006 2815 1085 2861 hoc
1115 2811 1378 2866 ,loconirimi
1406 2817 1543 2869 potest
1571 2811 1877 2865 controversia3
1908 2824 2040 2867 quare
2067 2825 2178 2856 nunc
2209 2828 2303 2857 eam
2331 2815 2504 2859 missam
2532 2817 2662 2861 facia·

243 2901 348 2931 mus.
408 2887 634 2943 Cuspidem
664 2888 838 2931 lanceae
868 2888 1037 2942 maioris
1067 2888 1280 2944 habemns,
1294 2885 1465 2948 gladii,
1484 2884 1553 2941 qui
1583 2884 1627 2928 in
1655 2883 1923 2935 conterminis
1951 2885 2195 2943 regionibus
2234 2887 2278 2930 in
2307 2891 2424 2933 urnis
2451 2890 2659 2935 incurvati

241 2961 404 3016 passim
429 2962 584 3016 reperti
613 2967 721 3016 sunt,
748 2961 852 3004 satis
877 2961 1031 3018 integri
1059 2961 1197 3009 adhuc
1225 2958 1528 3012 desiderantur.
1587 2958 1752 3006 Desunt
1781 2956 1909 2999 etiam
1949 2957 2132 3016 loricae,
2152 2962 2353 3018 cassides,
2384 2964 2555 3019 galeae3
2584 2964 2658 3007 ha—

241 3049 334 3079 rum
368 3040 510 3079 tamen
538 3037 706 3079 exstant
733 3038 877 3090 partes
905 3031 1114 3090 quaedam
1149 3038 1192 3077 et
1220 3037 1475 3087 ornamenta,
1491 3031 1662 3090 „quibus
1690 3030 1854 3074 fasciae
1883 3037 2059 3087 aptatae
2088 3048 2183 3080 esse
2212 3036 2424 3081 videntur.
2446 3038 2658 3080 Immensa

239 3112 381 3153 autem
411 3108 684 3152 barbarorum
713 3111 832 3151 scuta
860 3119 934 3150 cur
957 3106 1170 3162 perierint,
1217 3106 1352 3151 elucet
1373 3120 1419 3149 ex
1448 3104 1597 3148 Annal.
1629 3103 1724 3146 libr.
1756 3105 1801 3147 ll.
1834 3118 1927 3160 cap.
1969 3106 2129 3164 X1111.,
2167 3110 2239 3153 nbi
2277 3110 2479 3153 viminum
2516 3115 2658 3154 textus

230 3182 320 3228 καὶ
328 3186 496 3238 We&
505 3182 680 3235 fumiae
693 3181 847 3231 sseoloro
860 3222 869 3229 .,
877 3180 1047 3231 ,tabulae
1078 3183 1298 3229 vocantur.

411 3264 764 3323 ·‚³,I,Ioe3·lo,oo.3uon
791 3265 987 3321 alienum·
1000 3264 1165 3317 videtur
1187 3277 1372 3321 monere,
1400 3264 1472 3309 ubi
1496 3263 1706 3322 plurimae
1742 3265 2046 3314 nostri-*Musei
2084 3268 2292 3331 reliquiae
2327 3272 2523 3326 repertae
2550 3267 2654 3323 sint,

239 3339 1206 3397 Ιονὶᾱοαμυεέιιοωόίοηοαφωωίιωςὶιπωῑα
1233 3337 1879 3397 esseavasametninstrsmenta,
1915 3343 1961 3383 ut
1993 3342 2313 3398 naaliquando
2336 3341 2477 3391 simul
2506 3344 2654 3395 inpnsu

239 3412 371 3459 fuisse
399 3414 504 3459 satis
531 3413 752 3470 probabile
770 3414 847 3459 sit.
