2862 3912
1392 85 1439 126 =4

206 241 430 294 'quattuor
457 238 593 296 pedes
623 240 702 285 sub
731 242 921 299 caespite
937 241 1149 300 vapparuit
1181 253 1360 288 acervus
1398 243 1551 289 cineris
1587 244 1898 303 carbonumque
1934 244 2058 289 trium
2095 243 2251 301 pedum
2284 245 2329 290 in
2360 248 2639 306 altitudinem

209 309 415 368 quattuor
440 313 487 357 in
516 313 782 360 latitudinem
799 325 863 361 :ac
891 315 1208 372 longitudinem.
1262 315 1457 362 'Suberat
1484 316 1844 375 soeus²¹lapidibus
1873 330 1948 363 suo
1970 316 2124 363 ordine
2142 317 2373 376 dispositis·
2390 324 2635 367 exstructus.

209 387 312 429 'Sed
340 385 506 430 duobus
534 388 579 429 in
596 388 771 443 anguiis
800 388 906 432 duos
934 390 1069 446 pedes
1094 391 1208 434 inter
1236 404 1284 435 se
1319 391 1704 436 distantes‘fictiles
1745 392 1856 435 duae
1889 393 2134 449 pyramides
2167 393 2482 451 quadrilaterae
2515 398 2638 440 erant

214 460 597 517 superimpositae,
632 462 785 516 quibus
819 462 928 507 duas
943 474 947 482 '
962 464 1073 508 alias
1102 478 1130 507 a
1159 466 1247 509 suis
1272 465 1378 508 locis
1416 469 1599 509 remotas
1631 468 1763 521 atque
1801 465 1847 507 in
1882 464 1960 509 illa
1996 470 2110 509 strue
2145 471 2380 522 prostratas
2414 466 2638 511 addendas

199 538 317 577 ”esse
345 548 430 579 non
457 534 613 579 iniuria
640 534 713 579 ille
741 535 1050 591 suspicabatur.
1117 539 1156 581 ‘A
1184 539 1278 582 basi
1308 541 1448 581 autem
1477 537 1672 581 duodena
1707 536 1954 582 centimetra
1990 544 2164 595 patente
2197 540 2242 584 in
2281 540 2630 596 septendenorum

214 604 570 652 centimetrorum
584 608 850 653 altitudinem
874 610 941 653 ita
970 615 1092 655 erant
1119 611 1360 667 fastigatae,
1390 615 1435 654 ut
1463 611 1507 654 in
1535 611 1724 656 obtusum
1766 622 1967 656 cacumen
2001 625 2107 657 sena
2125 614 2379 659 —eentimetra
2404 615 2535 659 latum
2561 614 2635 660 de-

201 678 422 725 sinerent.
481 682 712 726 Cacumina
741 695 765 726 e
794 686 1038 729 transverso
1062 689 1188 730 erant
1213 686 1439 743 perforata,
1469 676 1514 728 ut
1541 689 1685 742 aptum
1719 685 1809 730 sive
1843 685 2000 730 ferrum
2038 685 2130 731 sive
2159 686 2322 743 liguum
2354 687 2636 732 transmittere

223 766 393 810 posses.
455 760 573 800 Intra
605 759 692 801 'has
728 759 840 813 pilas
874 761 1103 813 angulares
1132 765 1175 804 et
1196 764 1321 815 juxta
1346 765 1464 802 tanta
1503 765 1591 802 erat
1618 763 1783 813 strages
1822 764 1865 802 et
1900 760 2116 813 congeries
2153 773 2238 803 non
2271 761 2404 804 solum
2436 762 2633 814 cinerum,

217 828 460 885 carbonum,
491 835 708 888 testarum,
740 832 816 878 sed
843 833 1052 889 imprimis
1079 836 1203 880 etiam
1230 838 1437 879 coctorum
1475 834 1780 889 laterculorum,
1820 836 1979 889 quanta
2005 832 2088 877 nisi
2113 832 2307 887 collapsa
2336 846 2505 879 camera
2520 834 2631 879 ‘fieri

211 913 295 945 non
324 916 453 958 posse
482 904 708 951 videretur.
769 908 903 951 Erant
931 911 1071 952 autem
1100 907 1206 952 haec
1220 907 1455 963 fragmenta
1484 911 1570 951 tam
1600 905 1705 951 mire
1724 907 1938 962 perforata
1967 910 2010 949 et
2038 905 2198 961 striata,
2228 910 2274 949 ut
2301 905 2359 950 ad
2376 905 2631 962 investigan-

218 974 317 1017 dam
346 978 438 1020 eius
458 980 519 1020 rei
549 992 722 1022 causam
742 980 928 1023 animum
945 980 1176 1024 incitarent.
1208 980 1491 1023 Friederichio
1512 993 1641 1023 causa
1670 980 1777 1023 haec
1803 980 1934 1024 fuine
1962 979 2136 1022 videtur.
2169 979 2278 1022 Illud
2307 979 2420 1035 quod
2448 979 2633 1023 diximus

210 1049 298 1092 foci
325 1052 551 1095 amiculum
579 1053 642 1095 ita
668 1053 708 1095 ei
737 1054 893 1096 factum
920 1066 1014 1096 esse
1039 1053 1172 1096 visum
1203 1058 1277 1107 est,
1308 1058 1365 1107 ut,
1404 1054 1474 1108 qui
1494 1054 1640 1096 *focum
1676 1052 1935 1106 condiderat,
1972 1057 2225 1096 exstructum
2259 1051 2470 1107 quoddam
2500 1063 2629 1105 super

209 1136 306 1166 eum
336 1123 513 1168 cratium
543 1138 677 1180 genus
706 1126 860 1179 argilla
888 1126 1136 1169 incrustaret
1161 1138 1444 1182 succensoque
1472 1125 1562 1180 igni
1591 1126 1774 1171 duraret.
1818 1126 1943 1180 Ligni
1966 1126 2150 1170 fiammis
2180 1123 2413 1178 consumpti
2427 1137 2629 1169 remane·

204 1195 310 1240 bant
337 1196 380 1240 in
411 1198 567 1254 argilla
596 1202 715 1243 cocta
744 1198 902 1243 formae
928 1203 1053 1256 atque
1088 1198 1282 1255 vestigia.

419 1270 555 1323 Quem
583 1283 703 1315 usum
734 1271 850 1315 focus
879 1271 1082 1323 habuerit,
1114 1275 1249 1316 utrum
1279 1271 1468 1317 conditus
1497 1273 1623 1318 fuerit
1651 1274 1708 1316 ad
1734 1274 1996 1317 molliendum
2024 1275 2205 1330 riqorem
2229 1273 2450 1330 friqorum,
2485 1286 2542 1317 an
2570 1271 2627 1316 ad

213 1345 457 1401 coquendos
487 1347 615 1400 cibos,
646 1360 702 1388 an
730 1346 879 1389 fornax
905 1345 1021 1399 figuli
1048 1345 1183 1400 fuerit,
1214 1347 1258 1388 in
1286 1348 1426 1391 medio
1455 1349 1739 1406 relinquimus.
1825 1348 1872 1391 Si
1910 1347 2027 1390 illum
2060 1347 2239 1402 primum
2278 1352 2440 1390 tantum
2477 1346 2629 1389 habuit

213 1430 354 1474 usum,
386 1419 458 1462 vix
488 1418 746 1474 intelligitur,
778 1415 875 1475 quid
906 1416 986 1460 sibi
1014 1417 1222 1463 voluerint
1248 1419 1312 1464 illi
1341 1420 1508 1477 lapides
1536 1420 1848 1478 pyramidales3
1877 1420 1943 1466 sin
1971 1421 2160 1475 alterum,
2193 1417 2367 1463 traiecto
2400 1431 2479 1474 per
2514 1416 2626 1462 fora-

209 1491 328 1533 mina
366 1492 477 1534 ferro
508 1490 714 1535 coniuncti
743 1495 814 1532 aut
838 1490 1015 1545 tripodis
1045 1492 1135 1536 vice
1162 1495 1235 1536 aut
1263 1492 1321 1535 ad
1348 1493 1644 1550 suspendenda
1671 1507 1778 1538 vasa
1796 1497 2020 1550 potuerunt
2047 1492 2252 1537 adhiberi.
2311 1491 2380 1535 Ad
2407 1490 2624 1535 stabilien-

214 1564 315 1606 dam
347 1564 457 1607 hanc
486 1565 734 1608 sententiam
764 1576 983 1619 possumus
1021 1565 1185 1622 afferre,
1228 1567 1339 1624 quod
1377 1568 1421 1611 in
1457 1568 1664 1612 similibus
1705 1567 1932 1624 lapidibus,
1970 1567 2040 1625 qui
2080 1564 2407 1609 innumerabiles
2450 1567 2625 1618 exstant,

207 1640 283 1679 aut
311 1636 467 1680 ferrum
496 1643 570 1681 aut
598 1639 697 1681 ferri
724 1638 904 1692 vestigia
931 1640 1203 1694 reperiuntur.
1217 1639 1248 1695 ¹)
1311 1642 1522 1686 Fortasse
1542 1642 1640 1685 licet
1668 1643 1794 1685 etiam
1826 1655 1996 1684 monere
2031 1641 2075 1682 in
2105 1639 2326 1682 Pannonia
2350 1638 2426 1681 hos
2455 1637 2625 1693 lapides

200 1709 490 1755 'Fenerhunde
519 1712 719 1757 vocariss)
778 1711 823 1755 Si
852 1711 1033 1769 'denique
1060 1712 1205 1755 fornax
1234 1713 1351 1768 figuli
1379 1715 1469 1771 fuit,
1499 1729 1583 1760 non
1610 1717 1777 1761 omnino
1813 1713 1982 1772 quidem
2014 1713 2161 1770 inepta
2199 1718 2263 1757 est
2293 1711 2448 1768 opinio,
2476 1724 2550 1756 eos
2577 1710 2623 1755 in

217 1783 313 1839 ipso
356 1785 526 1829 fornace
565 1785 744 1841 aliquem
784 1797 902 1828 usum
941 1786 1152 1841 habuisse,
1187 1786 1264 1838 sed
1298 1787 1428 1832 multo
1469 1789 1740 1846 probabilius,
1787 1784 1862 1833 eos
1899 1787 2082 1831 alienum
2111 1786 2156 1829 in
2190 1798 2309 1830 usum
2343 1788 2386 1829 et
2419 1784 2623 1829 formatos

212 1864 256 1902 et
288 1864 426 1903 coctos
456 1859 598 1902 fuisse.
656 1860 710 1902 Et
738 1860 820 1903 iam
852 1859 1135 1916 compluribus
1161 1864 1259 1903 ante
1289 1861 1412 1904 annis
1441 1861 1681 1906 Fridericus
1710 1862 1965 1906 Ritschelius
1999 1861 2124 1905 docta
2160 1860 2247 1915 illa,
2281 1871 2405 1916 quam
2433 1857 2625 1901 laudavi·

203 1945 311 1986 mus,
342 1933 624 1988 disputatione
652 1934 952 1977 demonstravit
980 1929 1065 1977 hos'
1078 1934 1310 1977 ‘laterculos
1338 1934 1382 1975 in
1420 1935 1603 1978 textrina
1631 1939 1673 1978 et
1699 1935 1742 1978 in
1781 1935 1867 1978 tela
1901 1933 2070 1991 quidem
2099 1937 2214 1977 recta
2242 1934 2376 1977 locum
2406 1932 2621 1986 habuisse,

203 2021 292 2049 cum
321 2008 405 2050 tela
433 2008 646 2063 .s·1t.s·pen.‹›·i.s·¹
664 2008 727 2050 Izi-s·
751 2007 1003 2064 ponderibus
1032 2016 1187 2052 rectum
1215 2015 1372 2052 stamen
1403 2009 1666 2054 eoetenderet.
1696 2008 1867 2068 (Senec.
1900 2021 1965 2064 ep.
1997 2008 2081 2058 90.)

408 2082 581 2124 Constat
610 2080 805 2124 mulieres
835 2082 1071 2126 Germanas
1098 2088 1233 2126 artem
1261 2083 1434 2126 texendi
1463 2084 1709 2127 exercuisse.
1770 2082 1865 2125 Vid.
1902 2081 2156 2126 Germaniae
2193 2093 2288 2135 cap.
2330 2081 2465 2123 XVII.
2524 2081 2616 2123 Nec

205 2155 312 2196 alins
335 2156 503 2209 feminas·
531 2169 647 2211 quam
677 2155 777 2195 viris
805 2154 977 2209 habitus,
1007 2157 1091 2197 mis-i
1116 2156 1227 2212 quod
1244 2157 1428 2210 feminae
1455 2158 1619 2213 saepz‘us
1648 2156 1770 2197 lineaete
1793 2156 2003 2198 amictibus
2040 2155 2229 2197 velantur
2259 2168 2404 2211 eosque
2426 2167 2619 2210 purpura

205 2231 385 2271 vam'ant.
444 2228 665 2271 Probabile
696 2233 759 2271 est
788 2240 861 2271 eas
892 2241 1057 2284 quoque
1087 2229 1421 2283 antiquissimam
1450 2230 1568 2273 illam
1598 2230 1813 2284 rationem,
1846 2241 1971 2283 quam
1999 2228 2192 2283 usquein
2220 2228 2449 2284 proximum
2477 2240 2621 2271 saecu-

174 2309 176 2311 '
198 2303 286 2346 lum
314 2304 357 2346 in
388 2302 604 2351 islandia&
633 2301 829 2344 mulieres
858 2305 1090 2355 servarunt,
1122 2307 1289 2346 secutas
1319 2317 1425 2347 esse.

403 2374 524 2427 Quod
553 2374 669 2418 nulla
696 2374 740 2417 in
768 2372 853 2418 illis
881 2369 1097 2428 lapidibus
1127 2388 1225 2421 usus
1255 2378 1534 2434 conspicimus
1554 2378 1747 2432 vestigia,
1778 2388 1887 2430 quae
1915 2374 1960 2417 in
1988 2373 2085 2418 aliis
2114 2373 2235 2418 huius
2264 2374 2431 2428 generis
2459 2373 2616 2429 ponde-

195 2454 314 2497 ribus
329 2485 340 2506 ,
388 2451 542 2506 quippe
588 2461 694 2504 quae
733 2447 789 2491 ad
832 2445 1044 2492 foramina
1085 2447 1168 2494 filis
1208 2451 1357 2495 striata
1401 2452 1508 2507 sint,
1560 2466 1644 2496 non
1688 2450 1999 2503 desiderantur,
2052 2447 2201 2492 mirum
2242 2461 2328 2494 non
2381 2453 2469 2503 est,
2519 2460 2616 2492 cum

196 2527 271 2570 vix
300 2530 374 2569 aut
402 2524 583 2567 nondum
613 2536 636 2565 e
665 2516 981 2576 fornaee'figuli
1010 2523 1253 2576 prodierint.
1327 2526 1562 2569 Germanas
1597 2524 1724 2568 etiam
1763 2523 1931 2566 novisse
1939 2554 1951 2577 ,
1989 2526 2031 2565 et
2060 2534 2084 2564 e
2121 2521 2293 2564 texendi
2329 2526 2420 2566 arte
2434 2555 2446 2577 ,
2482 2534 2608 2576 quam

196 2598 460 2651 exercebant,
490 2600 607 2652 patet
637 2600 678 2639 et
706 2608 730 2639 e
760 2595 947 2650 quinque·
969 2597 1199 2653 verticillis,
1232 2611 1341 2652 quae
1370 2600 1413 2642 in
1445 2595 1594 2643 Museo
1623 2600 1905 2651 asservantur,
1936 2590 2240 2649 cognoscimus.

397 2669 602 2714 Vasorum
631 2668 745 2724 apud
773 2668 965 2714 Tacitum
992 2670 1149 2715 mentio
1176 2670 1223 2715 fit
1248 2672 1293 2715 in
1323 2672 1578 2718 Germaniae
1622 2686 1715 2729 cap.
1743 2671 1797 2717 V.
1872 2668 1956 2712 Est
1980 2668 2122 2712 videre
2151 2667 2263 2724 apud
2289 2668 2384 2711 illos
2413 2675 2615 2725 arqenteoe

192 2761 303 2801 vasa,
335 2746 483 2801 leqatzk
511 2750 552 2784 et
565 2743 820 2798 principibus
848 2757 986 2787 eorum
1001 2746 1292 2800 manendam,
1324 2761 1405 2788 non
1433 2750 1477 2789 in
1505 2749 1591 2789 alia
1610 2746 1778 2799 vilitate,
1800 2758 1925 2800 quam
1954 2757 2058 2800 quae
2086 2741 2445 2797 humofinquntnr.
2471 2740 2613 2783 Nemo

196 2825 415 2875 exspectet
448 2817 502 2859 de
532 2815 742 2870 argenteis
770 2818 897 2872 vasis,
929 2832 1037 2872 quae
1066 2819 1109 2859 in
1139 2818 1284 2861 Museo
1314 2824 1455 2862 nostro
1485 2824 1774 2869 asserventur,
1800 2816 2141 2873 disputationem.
2187 2815 2360 2869 'Neque
2389 2814 2504 2857 enim·
2517 2813 2610 2857 hac

192 2892 389 2938 orientali
418 2892 552 2937 silvae
582 2889 821 2946 Hercyniae
849 2890 893 2935 in
921 2895 1043 2949 parte
1070 2889 1184 2936 idem
1214 2893 1400 2950 contigit,
1440 2893 1551 2949 quod
1588 2892 1736 2950 paucis
1762 2897 1861 2938 ante
1899 2890 2023 2937 annis
2046 2889 2091 2934 in
2116 2886 2436 2946 septentrionali
2464 2886 2613 2933 Hilde-

192 2969 287 3012 siae
318 2968 471 3021 evenit,
502 2969 548 3009 ut
574 2965 804 3009 ditissimus
830 2971 1119 3020 argenteorum
1151 2978 1346 3010 vasorum
1376 2965 1598 3011 thesaurus
1627 2978 1651 3009 e
1675 2970 1789 3010 terra
1817 2965 2079 3009 effoderetur.
2129 2962 2340 3006 Fictilium
2359 2964 2507 3006 ‘autem
2525 2971 2608 3006 ‘va-

197 3054 338 3085 sorum
368 3053 625 3095 permagnus
664 3052 859 3082 numerus
893 3040 961 3082 hic
996 3046 1243 3096 asservatur,
1275 3054 1385 3096 quae
1410 3040 1566 3096 partim
1595 3038 1700 3082 satis
1723 3038 1892 3093 integra
1912 3037 2078 3081 effossa
2097 3040 2213 3092 sunt,
2243 3034 2398 3092 partim
2433 3034 2614 3090 egregia

396 3277 423 3318 ¹)
449 3275 502 3308 Cf.
531 3276 642 3308 Ueber
666 3276 783 3308 antike
808 3274 1070 3308 Gewichtsteine
1093 3287 1159 3308 von
1184 3277 1360 3309 Friedrich
1384 3277 1525 3308 Ritschl.
1558 3277 1659 3308 Bonn
1697 3279 1791 3308 1866.
1839 3274 1914 3306 Ans
1949 3276 2026 3307 dem
2061 3273 2156 3307 XLI.
2181 3272 2285 3304 Haste
2309 3273 2368 3304 der
2390 3271 2632 3304 Jahrbiicher-

187 3326 246 3356 des
271 3322 419 3356 Vereins
442 3331 511 3353 von
535 3320 922 3353 Alterthumsfreunden
945 3320 992 3352 im
1016 3320 1229 3353 Rheinlande
1265 3321 1450 3354 besonders
1473 3321 1685 3363 abgedruckt
1708 3330 1787 3362 pag.
1812 3322 1842 3351 6.

387 3365 420 3408 ²)
445 3366 517 3400 Cfr.
542 3365 790 3408 Abbildungen
813 3375 880 3398 von
904 3365 1212 3399 mittelalterlichen
1235 3367 1305 3399 und
1330 3366 1612 3399 vorchristlichen
1635 3365 1894 3399 Alterthiimern
1918 3364 1954 3396 in
1978 3363 2044 3396 den
2067 3361 2189 3397 Gauen
2203 3362 2272 3396 ‘des
2290 3361 2504 3405 vormaligen
2527 3361 2605 3394 Bis-

185 3416 299 3446 thum
323 3412 558 3451 Halberstadt,
580 3411 784 3452 gesammelt
805 3421 873 3442 von
897 3409 976 3442 Chr.
1000 3410 1055 3442 Fr.
1079 3411 1204 3443 Ber-nh.
1227 3411 1413 3453 Augustin.
1459 3412 1491 3443 N
1494 3411 1556 3443 ach
1581 3411 1727 3443 Notizen
1759 3411 1819 3443 des
1842 3409 2049 3449 verewigten
2082 3408 2145 3440 Dr.
2177 3408 2352 3450 Augustin
2385 3406 2604 3440 beschrieben

185 3469 252 3491 von
276 3458 338 3491 Dr.
363 3457 416 3494 A..
433 3456 643 3498 Friederich.
679 3455 939 3497 'Wemigerode
973 3456 1057 3487 1872
1081 3465 1159 3498 pag.
1184 3459 1214 3487 5.

384 3499 418 3544 ³)
441 3501 518 3535 Cfr.
537 3500 595 3534 Fr:
618 3500 751 3534 Bitochl
774 3501 797 3533 l.
821 3500 843 3532 l.
866 3510 945 3542 pag.
973 3503 1022 3533 10.
